sim_id,N,Effect size,Avg. AUC in Cond A,Cond A AUC 95% CI Lower,Cond A AUC 95% CI Upper,Avg. AUC in Cond B,Cond B AUC 95% CI Lower,Cond B AUC 95% CI Upper,Avg. AUC difference,AUC difference 95% CI Lower,AUC difference 95% CI Upper,Power,Type I error rate,Test tails,ROC truncation,TA lineups/subj,TP lineups/subj,Simulated samples,AUC bootstraps,Time taken (m),Estimated time taken (m)
2021-11-27 07:39:08,1000,0.1,0.029360785,0.019967317,0.03910195,0.03237287,0.021689771,0.0428167,-0.003012086,-0.01015665,0.00409681,0.11,0.05,Two-tailed,Lowest false ID rate,1,1,500,1000,214.19,150
2021-11-27 07:39:08,3000,0.1,0.031248339,0.025320757,0.037299811,0.034529087,0.02821912,0.040591931,-0.003280749,-0.007905078,0.001668862,0.294,0.05,Two-tailed,Lowest false ID rate,1,1,500,1000,214.19,150
2021-11-27 07:39:08,5000,0.1,0.031795511,0.027089979,0.036067717,0.034895034,0.029245854,0.040060546,-0.003099524,-0.006621762,0.000879201,0.376,0.05,Two-tailed,Lowest false ID rate,1,1,500,1000,214.19,150
2021-11-27 07:39:08,1000,0.3,0.029783684,0.01873464,0.03959075,0.038608494,0.02355355,0.0518563,-0.008824811,-0.0174923,0.001318762,0.522,0.05,Two-tailed,Lowest false ID rate,1,1,500,1000,214.19,150
2021-11-27 07:39:08,3000,0.3,0.031276033,0.025377408,0.037662489,0.040563622,0.033131842,0.0478657,-0.00928759,-0.013798467,-0.004380544,0.932,0.05,Two-tailed,Lowest false ID rate,1,1,500,1000,214.19,150
2021-11-27 07:39:08,5000,0.3,0.031859535,0.026287442,0.036796864,0.041376268,0.034505635,0.04699491,-0.009516732,-0.013377902,-0.005125519,0.994,0.05,Two-tailed,Lowest false ID rate,1,1,500,1000,214.19,150
2021-11-27 07:39:08,1000,0.5,0.029756111,0.0194792,0.0404923,0.044367216,0.02834205,0.0586295,-0.014611105,-0.02402985,-0.003531412,0.832,0.05,Two-tailed,Lowest false ID rate,1,1,500,1000,214.19,150
2021-11-27 07:39:08,3000,0.5,0.031101607,0.025060292,0.036502222,0.046840795,0.037681426,0.054360922,-0.015739187,-0.021490433,-0.008861851,1,0.05,Two-tailed,Lowest false ID rate,1,1,500,1000,214.19,150
2021-11-27 07:39:08,5000,0.5,0.031604078,0.027125591,0.035958263,0.047530012,0.040576144,0.054415232,-0.015925935,-0.020576579,-0.010495827,1,0.05,Two-tailed,Lowest false ID rate,1,1,500,1000,214.19,150
2021-11-27 02:37:30,1000,0.1,0.02440733,0.014464377,0.03270135,0.026922379,0.016471333,0.03684525,-0.002515049,-0.009101288,0.00447295,0.104,0.05,Two-tailed,Lowest false ID rate,1,1,500,1000,228.19,150
2021-11-27 02:37:30,3000,0.1,0.026036978,0.020595794,0.031090294,0.028480146,0.022838756,0.034073106,-0.002443168,-0.006557694,0.001480917,0.192,0.05,Two-tailed,Lowest false ID rate,1,1,500,1000,228.19,150
2021-11-27 02:37:30,5000,0.1,0.026377608,0.021810893,0.030552526,0.029002513,0.024277143,0.032983457,-0.002624905,-0.005779585,0.000546477,0.336,0.05,Two-tailed,Lowest false ID rate,1,1,500,1000,228.19,150
2021-11-27 02:37:30,1000,0.3,0.024640693,0.014868423,0.03379255,0.032003431,0.019684775,0.043186775,-0.007362738,-0.014771175,0.000859974,0.47,0.05,Two-tailed,Lowest false ID rate,1,1,500,1000,228.19,150
2021-11-27 02:37:30,3000,0.3,0.025879446,0.020111381,0.031714891,0.033763562,0.026363556,0.040219128,-0.007884116,-0.011985628,-0.002744731,0.902,0.05,Two-tailed,Lowest false ID rate,1,1,500,1000,228.19,150
2021-11-27 02:37:30,5000,0.3,0.026464968,0.021962094,0.03055602,0.034380261,0.028175298,0.039107837,-0.007915293,-0.011339881,-0.004142173,0.984,0.05,Two-tailed,Lowest false ID rate,1,1,500,1000,228.19,150
2021-11-27 02:37:30,1000,0.5,0.024465331,0.015976433,0.03446535,0.036279865,0.023245978,0.048398775,-0.011814533,-0.0204271,-0.002977764,0.774,0.05,Two-tailed,Lowest false ID rate,1,1,500,1000,228.19,150
2021-11-27 02:37:30,3000,0.5,0.025990495,0.020502775,0.031325689,0.038736058,0.031190894,0.046444639,-0.012745563,-0.018013926,-0.006940544,0.992,0.05,Two-tailed,Lowest false ID rate,1,1,500,1000,228.19,150
2021-11-27 02:37:30,5000,0.5,0.026439285,0.022220058,0.030518454,0.039692552,0.032893227,0.045425696,-0.013253267,-0.016955286,-0.008419789,0.998,0.05,Two-tailed,Lowest false ID rate,1,1,500,1000,228.19,150
2021-11-26 11:58:17,1000,0.1,0.012369323,0.005927913,0.0185271,0.013801274,0.00705645,0.0203805,-0.001431951,-0.00574705,0.003056025,0.102,0.05,Two-tailed,Lowest false ID rate,1,1,500,1000,241.72,150
2021-11-26 11:58:17,3000,0.1,0.013042123,0.008799294,0.016725967,0.014364577,0.009796708,0.018245106,-0.001322453,-0.003991518,0.001584091,0.144,0.05,Two-tailed,Lowest false ID rate,1,1,500,1000,241.72,150
2021-11-26 11:58:17,5000,0.1,0.013447839,0.010431221,0.01628191,0.014817412,0.011616394,0.018067672,-0.001369573,-0.003695267,0.00088967,0.214,0.05,Two-tailed,Lowest false ID rate,1,1,500,1000,241.72,150
2021-11-26 11:58:17,1000,0.3,0.011944707,0.0058752,0.0181057,0.015637128,0.0070409,0.0230366,-0.003692421,-0.008720175,0.0019593,0.332,0.05,Two-tailed,Lowest false ID rate,1,1,500,1000,241.72,150
2021-11-26 11:58:17,3000,0.3,0.013203738,0.0093984,0.017116426,0.017147863,0.011898294,0.021916476,-0.003944125,-0.006999576,-0.000417911,0.676,0.05,Two-tailed,Lowest false ID rate,1,1,500,1000,241.72,150
2021-11-26 11:58:17,5000,0.3,0.013552462,0.010450748,0.016324362,0.017588814,0.013516349,0.021028244,-0.004036352,-0.006261582,-0.001142315,0.864,0.05,Two-tailed,Lowest false ID rate,1,1,500,1000,241.72,150
2021-11-26 11:58:17,1000,0.5,0.012264109,0.0060853,0.0193575,0.018189787,0.007970071,0.02813635,-0.005925678,-0.01199105,-3.835E-05,0.552,0.05,Two-tailed,Lowest false ID rate,1,1,500,1000,241.72,150
2021-11-26 11:58:17,3000,0.5,0.013228328,0.009641923,0.016771978,0.019847436,0.014161778,0.025163556,-0.006619108,-0.009958733,-0.002651132,0.926,0.05,Two-tailed,Lowest false ID rate,1,1,500,1000,241.72,150
2021-11-26 11:58:17,5000,0.5,0.013512402,0.010111447,0.016201228,0.020216426,0.015190942,0.024650466,-0.006704024,-0.009592696,-0.003210214,0.986,0.05,Two-tailed,Lowest false ID rate,1,1,500,1000,241.72,150
2021-11-26 05:03:11,1000,0.1,0.019306602,0.010701798,0.02763365,0.021110349,0.01224175,0.03048655,-0.001803747,-0.008895479,0.004336243,0.112,0.05,Two-tailed,Lowest false ID rate,1,1,500,1000,226.38,150
2021-11-26 05:03:11,3000,0.1,0.020758239,0.016376363,0.025109042,0.022705904,0.017248183,0.027782828,-0.001947665,-0.005730798,0.001934501,0.182,0.05,Two-tailed,Lowest false ID rate,1,1,500,1000,226.38,150
2021-11-26 05:03:11,5000,0.1,0.020926729,0.016856494,0.02459309,0.023068932,0.018935763,0.026747962,-0.002142202,-0.005051169,0.000622302,0.306,0.05,Two-tailed,Lowest false ID rate,1,1,500,1000,226.38,150
2021-11-26 05:03:11,1000,0.3,0.019520519,0.011136075,0.02805035,0.025621328,0.014685315,0.036084425,-0.006100809,-0.012976475,0.001039619,0.414,0.05,Two-tailed,Lowest false ID rate,1,1,500,1000,226.38,150
2021-11-26 05:03:11,3000,0.3,0.020540757,0.015157139,0.025531489,0.026891443,0.020488877,0.033011483,-0.006350686,-0.010267986,-0.002040099,0.842,0.05,Two-tailed,Lowest false ID rate,1,1,500,1000,226.38,150
2021-11-26 05:03:11,5000,0.3,0.021053554,0.016933407,0.02429462,0.02714864,0.021872445,0.031802736,-0.006095087,-0.00915058,-0.002288395,0.928,0.05,Two-tailed,Lowest false ID rate,1,1,500,1000,226.38,150
2021-11-26 05:03:11,1000,0.5,0.019244421,0.01140474,0.0282882,0.028966315,0.016419669,0.0420484,-0.009721894,-0.01827995,-0.00159455,0.708,0.05,Two-tailed,Lowest false ID rate,1,1,500,1000,226.38,150
2021-11-26 05:03:11,3000,0.5,0.020546775,0.015168411,0.024971802,0.030890955,0.023496634,0.037657422,-0.01034418,-0.014749597,-0.005397433,0.99,0.05,Two-tailed,Lowest false ID rate,1,1,500,1000,226.38,150
2021-11-26 05:03:11,5000,0.5,0.021082017,0.016617751,0.024962933,0.031575096,0.025532474,0.03706525,-0.01049308,-0.014021823,-0.005977434,1,0.05,Two-tailed,Lowest false ID rate,1,1,500,1000,226.38,150
2021-11-26 01:08:47,1000,0.1,0.015820658,0.012044492,0.01952185,0.017388855,0.013065683,0.021553691,-0.001568197,-0.00673865,0.004301829,0.09,0.05,Two-tailed,Custom,1,1,500,1000,221.01,150
2021-11-26 01:08:47,3000,0.1,0.015727604,0.013524223,0.018033689,0.017301797,0.014888464,0.019791657,-0.001574193,-0.004633279,0.001776698,0.142,0.05,Two-tailed,Custom,1,1,500,1000,221.01,150
2021-11-26 01:08:47,5000,0.1,0.015702071,0.013838492,0.017686911,0.017301648,0.015299036,0.019230555,-0.001599577,-0.004174389,0.001134357,0.238,0.05,Two-tailed,Custom,1,1,500,1000,221.01,150
2021-11-26 01:08:47,1000,0.3,0.015903914,0.012106608,0.020087651,0.020586525,0.015789525,0.02497905,-0.004682611,-0.010791117,0.002342183,0.344,0.05,Two-tailed,Custom,1,1,500,1000,221.01,150
2021-11-26 01:08:47,3000,0.3,0.015765028,0.013617008,0.018219628,0.020400894,0.017433319,0.023552135,-0.004635866,-0.008572847,-0.000993879,0.67,0.05,Two-tailed,Custom,1,1,500,1000,221.01,150
2021-11-26 01:08:47,5000,0.3,0.01576252,0.01419138,0.017539244,0.020429475,0.018070267,0.022727532,-0.004666955,-0.007591735,-0.001798983,0.874,0.05,Two-tailed,Custom,1,1,500,1000,221.01,150
2021-11-26 01:08:47,1000,0.5,0.015801415,0.0118588,0.019723407,0.023767375,0.017374175,0.030075652,-0.00796596,-0.014540287,-0.000840201,0.632,0.05,Two-tailed,Custom,1,1,500,1000,221.01,150
2021-11-26 01:08:47,3000,0.5,0.015718513,0.013355374,0.018069067,0.023621337,0.020520575,0.026935503,-0.007902824,-0.012282111,-0.003648116,0.962,0.05,Two-tailed,Custom,1,1,500,1000,221.01,150
2021-11-26 01:08:47,5000,0.5,0.015726466,0.013985137,0.017635775,0.02351332,0.020884866,0.026039522,-0.007786854,-0.011047023,-0.004377346,0.996,0.05,Two-tailed,Custom,1,1,500,1000,221.01,150
2021-11-25 14:02:44,1000,0.1,0.016007342,0.012077327,0.0202816,0.017423361,0.012959817,0.02231043,-0.001416019,-0.006505276,0.00484885,0.11,0.05,Two-tailed,Custom,1,1,100,1000,54.2,30
2021-11-25 14:02:44,3000,0.1,0.01592475,0.013554637,0.018283479,0.017283552,0.014780526,0.019323514,-0.001358802,-0.004869383,0.001840867,0.12,0.05,Two-tailed,Custom,1,1,100,1000,54.2,30
2021-11-25 14:02:44,5000,0.1,0.01575042,0.013894376,0.017373616,0.017332751,0.015588562,0.019071633,-0.001582331,-0.00407301,0.000654173,0.17,0.05,Two-tailed,Custom,1,1,100,1000,54.2,30
2021-11-25 14:02:44,1000,0.3,0.015380319,0.011901939,0.019348824,0.020571261,0.015386243,0.025380198,-0.005190942,-0.011923573,0.001493094,0.38,0.05,Two-tailed,Custom,1,1,100,1000,54.2,30
2021-11-25 14:02:44,3000,0.3,0.01551335,0.013455163,0.018058113,0.020436911,0.017701336,0.023352085,-0.004923562,-0.008570879,-0.001094342,0.75,0.05,Two-tailed,Custom,1,1,100,1000,54.2,30
2021-11-25 14:02:44,5000,0.3,0.015699583,0.014197433,0.017145152,0.020381841,0.017980671,0.022567636,-0.004682258,-0.007651347,-0.00134323,0.89,0.05,Two-tailed,Custom,1,1,100,1000,54.2,30
2021-11-25 14:02:44,1000,0.5,0.01626247,0.01229,0.019663246,0.023521324,0.017869285,0.02877416,-0.007258854,-0.012809206,-0.00089121,0.54,0.05,Two-tailed,Custom,1,1,100,1000,54.2,30
2021-11-25 14:02:44,3000,0.5,0.015625358,0.013112445,0.017833439,0.023541481,0.020406571,0.026938933,-0.007916123,-0.012295997,-0.004140401,0.98,0.05,Two-tailed,Custom,1,1,100,1000,54.2,30
2021-11-25 14:02:44,5000,0.5,0.015917927,0.014226491,0.017651263,0.02375784,0.021148943,0.026325998,-0.007839914,-0.010843524,-0.004816858,0.99,0.05,Two-tailed,Custom,1,1,100,1000,54.2,30
2021-11-25 12:18:19,1000,0.1,0.018992502,0.012961,0.02514325,0.021193369,0.01395623,0.0283866,-0.002200867,-0.00761165,0.0027067,0.06,0.05,Two-tailed,Lowest false ID rate,1,1,100,1000,51.97,30
2021-11-25 12:18:19,3000,0.1,0.020895057,0.016932692,0.025637028,0.022960064,0.017716432,0.027812156,-0.002065007,-0.005590787,0.00209919,0.22,0.05,Two-tailed,Lowest false ID rate,1,1,100,1000,51.97,30
2021-11-25 12:18:19,5000,0.1,0.020965594,0.017262166,0.024410082,0.023184849,0.01980882,0.027412789,-0.002219255,-0.005388455,0.000754844,0.34,0.05,Two-tailed,Lowest false ID rate,1,1,100,1000,51.97,30
2021-11-25 12:18:19,1000,0.3,0.019667994,0.01137083,0.02884665,0.025570637,0.01484655,0.034795117,-0.005902644,-0.012476508,0.000786175,0.39,0.05,Two-tailed,Lowest false ID rate,1,1,100,1000,51.97,30
2021-11-25 12:18:19,3000,0.3,0.020890921,0.016907944,0.024890439,0.027128903,0.020801551,0.033566956,-0.006237983,-0.010062144,-0.001677746,0.76,0.05,Two-tailed,Lowest false ID rate,1,1,100,1000,51.97,30
2021-11-25 12:18:19,5000,0.3,0.021115701,0.017765418,0.024478348,0.027287868,0.021858325,0.03205499,-0.006172167,-0.008942895,-0.003031409,0.96,0.05,Two-tailed,Lowest false ID rate,1,1,100,1000,51.97,30
2021-11-25 12:18:19,1000,0.5,0.019317289,0.010352736,0.02687335,0.029144601,0.01750465,0.04053575,-0.009827312,-0.017018625,-0.00182455,0.76,0.05,Two-tailed,Lowest false ID rate,1,1,100,1000,51.97,30
2021-11-25 12:18:19,3000,0.5,0.020526681,0.015157227,0.025567867,0.030752522,0.022595356,0.037314,-0.010225841,-0.014530722,-0.004807894,0.98,0.05,Two-tailed,Lowest false ID rate,1,1,100,1000,51.97,30
2021-11-25 12:18:19,5000,0.5,0.021038947,0.017832045,0.024484848,0.031619558,0.026922609,0.036399954,-0.010580611,-0.013775545,-0.007005123,1,0.05,Two-tailed,Lowest false ID rate,1,1,100,1000,51.97,30
2021-11-06 17:31:46,200,0.3,0.030378562,0.018116016,0.040806172,0.039310196,0.025126875,0.052173984,-0.008931634,-0.018454833,0.002424531,0.322,0.0167,B > A,Lowest false ID rate,4,4,500,1000,484.12,73.33333333
2021-11-06 17:31:46,300,0.3,0.031397409,0.021203715,0.040476111,0.040874242,0.029209505,0.051366007,-0.009476833,-0.01793371,-0.000720299,0.486,0.0167,B > A,Lowest false ID rate,4,4,500,1000,484.12,73.33333333
2021-11-06 17:31:46,400,0.3,0.03135284,0.024114678,0.03926668,0.0407257,0.030360852,0.050024043,-0.009372859,-0.016476074,-0.002226354,0.632,0.0167,B > A,Lowest false ID rate,4,4,500,1000,484.12,73.33333333
2021-11-06 17:31:46,500,0.3,0.031811789,0.025123195,0.038902088,0.041343777,0.031920425,0.049484575,-0.009531988,-0.016318594,-0.003029088,0.724,0.0167,B > A,Lowest false ID rate,4,4,500,1000,484.12,73.33333333
2021-11-06 17:31:46,600,0.3,0.032156874,0.025143767,0.038435026,0.041780734,0.032997227,0.049608681,-0.009623859,-0.015352401,-0.003437971,0.798,0.0167,B > A,Lowest false ID rate,4,4,500,1000,484.12,73.33333333
2021-11-06 17:31:46,700,0.3,0.031944378,0.026335032,0.037493348,0.041507714,0.032652869,0.049719802,-0.009563336,-0.015616116,-0.003479375,0.83,0.0167,B > A,Lowest false ID rate,4,4,500,1000,484.12,73.33333333
2021-11-06 17:31:46,800,0.3,0.032316154,0.02639559,0.037525298,0.042189311,0.035247356,0.048685244,-0.009873157,-0.015133825,-0.004143933,0.91,0.0167,B > A,Lowest false ID rate,4,4,500,1000,484.12,73.33333333
2021-11-06 17:31:46,900,0.3,0.032396579,0.027038151,0.036976441,0.042286879,0.034936922,0.048413694,-0.0098903,-0.014820135,-0.004350209,0.928,0.0167,B > A,Lowest false ID rate,4,4,500,1000,484.12,73.33333333
2021-11-06 17:31:46,200,0.4,0.030088034,0.020569688,0.040324609,0.042197597,0.027395469,0.056574531,-0.012109563,-0.023221582,-0.000893919,0.532,0.0167,B > A,Lowest false ID rate,4,4,500,1000,484.12,73.33333333
2021-11-06 17:31:46,300,0.4,0.031371926,0.021747778,0.040736285,0.043690753,0.031605623,0.05559309,-0.012318827,-0.021499144,-0.002479065,0.692,0.0167,B > A,Lowest false ID rate,4,4,500,1000,484.12,73.33333333
2021-11-06 17:31:46,400,0.4,0.031804273,0.024251085,0.038438755,0.044253787,0.032728279,0.054910391,-0.012449513,-0.020619688,-0.00335583,0.808,0.0167,B > A,Lowest false ID rate,4,4,500,1000,484.12,73.33333333
2021-11-06 17:31:46,500,0.4,0.032159074,0.024604763,0.039059113,0.044724884,0.035210736,0.053409438,-0.01256581,-0.018882863,-0.005158442,0.892,0.0167,B > A,Lowest false ID rate,4,4,500,1000,484.12,73.33333333
2021-11-06 17:31:46,600,0.4,0.031792937,0.024688145,0.038107991,0.04473229,0.034848047,0.052659288,-0.012939352,-0.018897693,-0.004628292,0.944,0.0167,B > A,Lowest false ID rate,4,4,500,1000,484.12,73.33333333
2021-11-06 17:31:46,700,0.4,0.032205897,0.025194521,0.037356945,0.04520408,0.037322638,0.053514806,-0.012998183,-0.018797422,-0.006647248,0.974,0.0167,B > A,Lowest false ID rate,4,4,500,1000,484.12,73.33333333
2021-11-06 17:31:46,800,0.4,0.032366513,0.026943486,0.037554458,0.045233825,0.036382203,0.052504337,-0.012867312,-0.018243828,-0.006302792,0.978,0.0167,B > A,Lowest false ID rate,4,4,500,1000,484.12,73.33333333
2021-11-06 17:31:46,900,0.4,0.032474034,0.027521605,0.03802304,0.045422931,0.038117453,0.052444341,-0.012948897,-0.018561034,-0.006776939,0.984,0.0167,B > A,Lowest false ID rate,4,4,500,1000,484.12,73.33333333
2021-11-06 17:31:46,200,0.5,0.03023967,0.018320333,0.041388359,0.045288475,0.028979418,0.06065625,-0.015048804,-0.026067018,-0.001517552,0.68,0.0167,B > A,Lowest false ID rate,4,4,500,1000,484.12,73.33333333
2021-11-06 17:31:46,300,0.5,0.031210688,0.022473715,0.040328854,0.046291775,0.032781007,0.058474161,-0.015081087,-0.024606675,-0.004166904,0.846,0.0167,B > A,Lowest false ID rate,4,4,500,1000,484.12,73.33333333
2021-11-06 17:31:46,400,0.5,0.031493269,0.023401704,0.039268691,0.047503245,0.03632046,0.058051846,-0.016009977,-0.023649023,-0.006569573,0.942,0.0167,B > A,Lowest false ID rate,4,4,500,1000,484.12,73.33333333
2021-11-06 17:31:46,500,0.5,0.031890354,0.025309099,0.039169056,0.047790322,0.037634009,0.059226488,-0.015899968,-0.023629356,-0.00787663,0.978,0.0167,B > A,Lowest false ID rate,4,4,500,1000,484.12,73.33333333
2021-11-06 17:31:46,600,0.5,0.031915018,0.025972108,0.038302292,0.048094962,0.038787662,0.05703171,-0.016179945,-0.02302464,-0.008119688,0.988,0.0167,B > A,Lowest false ID rate,4,4,500,1000,484.12,73.33333333
2021-11-06 17:31:46,700,0.5,0.032290999,0.026122318,0.038049864,0.048411489,0.03982519,0.056706699,-0.016120491,-0.022197858,-0.008544397,0.992,0.0167,B > A,Lowest false ID rate,4,4,500,1000,484.12,73.33333333
2021-11-06 17:31:46,800,0.5,0.032280747,0.026634191,0.037792214,0.048198241,0.03825665,0.056699637,-0.015917494,-0.021891374,-0.008164594,0.998,0.0167,B > A,Lowest false ID rate,4,4,500,1000,484.12,73.33333333
2021-11-06 17:31:46,900,0.5,0.032475814,0.027211896,0.036992791,0.049054992,0.040815073,0.055746177,-0.016579178,-0.021775693,-0.009929536,1,0.0167,B > A,Lowest false ID rate,4,4,500,1000,484.12,73.33333333
2021-11-06 05:45:02,200,0.2,0.030159711,0.020572813,0.040296953,0.035756943,0.021554414,0.047788359,-0.005597231,-0.015822031,0.006571038,0.19,0.02,B > A,Lowest false ID rate,4,4,200,2000,512.99,78.22222222
2021-11-06 05:45:02,300,0.2,0.031212806,0.022414104,0.039656076,0.037193448,0.025775868,0.045638403,-0.005980642,-0.013515176,0.003822257,0.245,0.02,B > A,Lowest false ID rate,4,4,200,2000,512.99,78.22222222
2021-11-06 05:45:02,400,0.2,0.03177187,0.023243555,0.039071152,0.03802787,0.02867115,0.046052246,-0.006256001,-0.013155482,0.000485699,0.33,0.02,B > A,Lowest false ID rate,4,4,200,2000,512.99,78.22222222
2021-11-06 05:45:02,500,0.2,0.032208932,0.024733541,0.03803445,0.038266509,0.031206643,0.045821475,-0.006057577,-0.013046316,0.000581671,0.42,0.02,B > A,Lowest false ID rate,4,4,200,2000,512.99,78.22222222
2021-11-06 05:45:02,600,0.2,0.031840036,0.025357463,0.037818961,0.038244803,0.030738585,0.045239405,-0.006404767,-0.011525477,-0.00058396,0.525,0.02,B > A,Lowest false ID rate,4,4,200,2000,512.99,78.22222222
2021-11-06 05:45:02,700,0.2,0.032038615,0.025747791,0.037919764,0.038692608,0.031964276,0.046858825,-0.006653993,-0.012600342,-0.000802321,0.585,0.02,B > A,Lowest false ID rate,4,4,200,2000,512.99,78.22222222
2021-11-06 05:45:02,800,0.2,0.032184497,0.026988214,0.03784272,0.038489594,0.030794631,0.044428887,-0.006305097,-0.011886528,-0.001327033,0.59,0.02,B > A,Lowest false ID rate,4,4,200,2000,512.99,78.22222222
2021-11-06 05:45:02,900,0.2,0.032658423,0.027548453,0.037361696,0.039028773,0.032910651,0.044889688,-0.00637035,-0.011140321,-0.001218003,0.675,0.02,B > A,Lowest false ID rate,4,4,200,2000,512.99,78.22222222
2021-11-06 05:45:02,200,0.3,0.030036109,0.020530612,0.040461539,0.038873604,0.024852066,0.05162875,-0.008837496,-0.018562075,0.001409316,0.365,0.02,B > A,Lowest false ID rate,4,4,200,2000,512.99,78.22222222
2021-11-06 05:45:02,300,0.3,0.031155983,0.022102934,0.040202616,0.040735092,0.029401671,0.053303611,-0.009579109,-0.018114917,-0.001331181,0.52,0.02,B > A,Lowest false ID rate,4,4,200,2000,512.99,78.22222222
2021-11-06 05:45:02,400,0.3,0.031968724,0.022753398,0.039854922,0.041307144,0.028204255,0.050413919,-0.00933842,-0.015922578,-0.000962031,0.635,0.02,B > A,Lowest false ID rate,4,4,200,2000,512.99,78.22222222
2021-11-06 05:45:02,500,0.3,0.03158684,0.023832569,0.0390342,0.04104385,0.033370919,0.048410538,-0.00945701,-0.017128829,-0.002848394,0.75,0.02,B > A,Lowest false ID rate,4,4,200,2000,512.99,78.22222222
2021-11-06 05:45:02,600,0.3,0.03201263,0.025727375,0.03822303,0.041567656,0.033390851,0.048838524,-0.009555026,-0.01567697,-0.002501641,0.8,0.02,B > A,Lowest false ID rate,4,4,200,2000,512.99,78.22222222
2021-11-06 05:45:02,700,0.3,0.032338684,0.027010862,0.037946049,0.042229728,0.035010721,0.049158048,-0.009891044,-0.015878589,-0.003862026,0.895,0.02,B > A,Lowest false ID rate,4,4,200,2000,512.99,78.22222222
2021-11-06 05:45:02,800,0.3,0.032403332,0.026834722,0.037539028,0.042109911,0.034494879,0.049340271,-0.009706579,-0.015577956,-0.00405655,0.915,0.02,B > A,Lowest false ID rate,4,4,200,2000,512.99,78.22222222
2021-11-06 05:45:02,900,0.3,0.032265998,0.026885197,0.036079371,0.042233429,0.036498627,0.047841744,-0.009967431,-0.014578688,-0.005496944,0.98,0.02,B > A,Lowest false ID rate,4,4,200,2000,512.99,78.22222222
2021-11-06 05:45:02,200,0.4,0.030038577,0.018742333,0.040703047,0.042513447,0.029061602,0.056675156,-0.012474869,-0.023449141,-0.001950102,0.59,0.02,B > A,Lowest false ID rate,4,4,200,2000,512.99,78.22222222
2021-11-06 05:45:02,300,0.4,0.031138502,0.0224934,0.038545255,0.04361635,0.032866472,0.054451424,-0.012477848,-0.02184459,-0.003950243,0.755,0.02,B > A,Lowest false ID rate,4,4,200,2000,512.99,78.22222222
2021-11-06 05:45:02,400,0.4,0.031704783,0.023613984,0.039244004,0.044114838,0.03303358,0.054669844,-0.012410055,-0.019580719,-0.002687129,0.86,0.02,B > A,Lowest false ID rate,4,4,200,2000,512.99,78.22222222
2021-11-06 05:45:02,500,0.4,0.032018002,0.024058473,0.039137725,0.044791426,0.03249965,0.0523892,-0.012773424,-0.019167225,-0.004582903,0.91,0.02,B > A,Lowest false ID rate,4,4,200,2000,512.99,78.22222222
2021-11-06 05:45:02,600,0.4,0.031588139,0.024934489,0.03751987,0.044670712,0.035707005,0.053349939,-0.013082573,-0.018721979,-0.006911536,0.975,0.02,B > A,Lowest false ID rate,4,4,200,2000,512.99,78.22222222
2021-11-06 05:45:02,700,0.4,0.032267302,0.027783062,0.038347781,0.04516601,0.036909671,0.051958448,-0.012898708,-0.018498071,-0.006749652,0.98,0.02,B > A,Lowest false ID rate,4,4,200,2000,512.99,78.22222222
2021-11-06 05:45:02,800,0.4,0.032110699,0.026123262,0.037606353,0.045373726,0.037088805,0.051859722,-0.013263027,-0.018754165,-0.006225136,0.985,0.02,B > A,Lowest false ID rate,4,4,200,2000,512.99,78.22222222
2021-11-06 05:45:02,900,0.4,0.032045339,0.026467294,0.037104681,0.045202573,0.038898619,0.051064726,-0.013157233,-0.017672625,-0.008260995,0.995,0.02,B > A,Lowest false ID rate,4,4,200,2000,512.99,78.22222222
2021-11-06 05:45:02,200,0.5,0.03088806,0.019480538,0.042172578,0.046014996,0.031662813,0.059311719,-0.015126936,-0.024690964,-0.003628938,0.745,0.02,B > A,Lowest false ID rate,4,4,200,2000,512.99,78.22222222
2021-11-06 05:45:02,300,0.5,0.03078462,0.022968623,0.038729733,0.046546564,0.03313309,0.058740243,-0.015761944,-0.025531551,-0.004248777,0.88,0.02,B > A,Lowest false ID rate,4,4,200,2000,512.99,78.22222222
2021-11-06 05:45:02,400,0.5,0.0314144,0.02303156,0.039435508,0.04752936,0.036155323,0.056770943,-0.01611496,-0.024023919,-0.006204941,0.93,0.02,B > A,Lowest false ID rate,4,4,200,2000,512.99,78.22222222
2021-11-06 05:45:02,500,0.5,0.03223026,0.02452727,0.038447369,0.048093815,0.036198533,0.05830425,-0.015863555,-0.023610119,-0.007434748,0.97,0.02,B > A,Lowest false ID rate,4,4,200,2000,512.99,78.22222222
2021-11-06 05:45:02,600,0.5,0.032194421,0.025820625,0.037477913,0.048041639,0.038376666,0.058176962,-0.015847218,-0.023126921,-0.007710729,1,0.02,B > A,Lowest false ID rate,4,4,200,2000,512.99,78.22222222
2021-11-06 05:45:02,700,0.5,0.032529026,0.026316237,0.037908258,0.048334301,0.038889003,0.056180019,-0.015805274,-0.021933745,-0.009019381,0.98,0.02,B > A,Lowest false ID rate,4,4,200,2000,512.99,78.22222222
2021-11-06 05:45:02,800,0.5,0.032380019,0.026560499,0.036931353,0.048937205,0.041582583,0.056875171,-0.016557186,-0.022063242,-0.009958832,1,0.02,B > A,Lowest false ID rate,4,4,200,2000,512.99,78.22222222
2021-11-06 05:45:02,900,0.5,0.032508597,0.027899932,0.038057025,0.048841347,0.040380963,0.056266426,-0.01633275,-0.021818753,-0.010167187,1,0.02,B > A,Lowest false ID rate,4,4,200,2000,512.99,78.22222222
2021-11-05 18:39:32,200,0.2,0.030513723,0.019976816,0.041677031,0.036990056,0.022128153,0.048626875,-0.006476334,-0.014968906,0.00320868,0.366666667,0.05,B > A,Lowest false ID rate,4,4,300,2000,786.83,117.3333333
2021-11-05 18:39:32,300,0.2,0.030725352,0.021331302,0.039538229,0.036983827,0.025818542,0.048369132,-0.006258475,-0.013824641,0.002159428,0.463333333,0.05,B > A,Lowest false ID rate,4,4,300,2000,786.83,117.3333333
2021-11-05 18:39:32,400,0.2,0.031577394,0.023509766,0.038446133,0.038079912,0.027852484,0.047028965,-0.006502517,-0.0125105,0.000344837,0.54,0.05,B > A,Lowest false ID rate,4,4,300,2000,786.83,117.3333333
2021-11-05 18:39:32,500,0.2,0.031944595,0.025261979,0.038387725,0.03816641,0.030465075,0.045427488,-0.006221816,-0.01195961,-0.000397393,0.563333333,0.05,B > A,Lowest false ID rate,4,4,300,2000,786.83,117.3333333
2021-11-05 18:39:32,600,0.2,0.031960488,0.025935741,0.038125308,0.038648493,0.030110894,0.046379358,-0.006688005,-0.0125791,-0.000341675,0.703333333,0.05,B > A,Lowest false ID rate,4,4,300,2000,786.83,117.3333333
2021-11-05 18:39:32,700,0.2,0.032023788,0.025133899,0.037998185,0.03869294,0.032378106,0.045127532,-0.006669153,-0.011777503,-0.001278896,0.753333333,0.05,B > A,Lowest false ID rate,4,4,300,2000,786.83,117.3333333
2021-11-05 18:39:32,800,0.2,0.031977024,0.025519287,0.037200043,0.03877823,0.031291758,0.046010376,-0.006801206,-0.012276426,-0.000916424,0.79,0.05,B > A,Lowest false ID rate,4,4,300,2000,786.83,117.3333333
2021-11-05 18:39:32,900,0.2,0.032568543,0.027310665,0.037501304,0.03910402,0.033138421,0.045060417,-0.006535478,-0.011189447,-0.002253935,0.806666667,0.05,B > A,Lowest false ID rate,4,4,300,2000,786.83,117.3333333
2021-11-05 18:39:32,200,0.3,0.030095043,0.018994051,0.041433125,0.039793086,0.025453526,0.053753078,-0.009698042,-0.021428359,-0.000199523,0.566666667,0.05,B > A,Lowest false ID rate,4,4,300,2000,786.83,117.3333333
2021-11-05 18:39:32,300,0.3,0.030936446,0.021282847,0.039949896,0.040281423,0.029972371,0.052056181,-0.009344978,-0.017766691,-8.57639E-06,0.673333333,0.05,B > A,Lowest false ID rate,4,4,300,2000,786.83,117.3333333
2021-11-05 18:39:32,400,0.3,0.030951398,0.022610785,0.038438086,0.040533791,0.030036343,0.048660059,-0.009582393,-0.016599506,-0.000737585,0.8,0.05,B > A,Lowest false ID rate,4,4,300,2000,786.83,117.3333333
2021-11-05 18:39:32,500,0.3,0.032129746,0.024700732,0.0390219,0.041976952,0.033312359,0.050461213,-0.009847206,-0.016046805,-0.003457469,0.863333333,0.05,B > A,Lowest false ID rate,4,4,300,2000,786.83,117.3333333
2021-11-05 18:39:32,600,0.3,0.032261946,0.025118485,0.038216345,0.041964465,0.033096408,0.048836128,-0.009702519,-0.015909697,-0.003212928,0.923333333,0.05,B > A,Lowest false ID rate,4,4,300,2000,786.83,117.3333333
2021-11-05 18:39:32,700,0.3,0.032390424,0.024874608,0.038288323,0.041732391,0.03254118,0.049092176,-0.009341967,-0.014550411,-0.003392861,0.91,0.05,B > A,Lowest false ID rate,4,4,300,2000,786.83,117.3333333
2021-11-05 18:39:32,800,0.3,0.032077568,0.026544933,0.037602363,0.041914485,0.03359177,0.048849805,-0.009836917,-0.015175703,-0.003907238,0.966666667,0.05,B > A,Lowest false ID rate,4,4,300,2000,786.83,117.3333333
2021-11-05 18:39:32,900,0.3,0.032465708,0.027595161,0.037588644,0.042238891,0.035040165,0.048904032,-0.009773183,-0.014847531,-0.004373348,0.983333333,0.05,B > A,Lowest false ID rate,4,4,300,2000,786.83,117.3333333
2021-11-05 18:39:32,200,0.4,0.030438862,0.019211395,0.040684531,0.042538072,0.025817108,0.055811563,-0.012099211,-0.022846333,0.000257835,0.713333333,0.05,B > A,Lowest false ID rate,4,4,300,2000,786.83,117.3333333
2021-11-05 18:39:32,300,0.4,0.031201984,0.022667788,0.039519479,0.043615192,0.03228794,0.055063681,-0.012413208,-0.020823872,-0.003085912,0.846666667,0.05,B > A,Lowest false ID rate,4,4,300,2000,786.83,117.3333333
2021-11-05 18:39:32,400,0.4,0.031667923,0.022081445,0.03983293,0.044108987,0.032215176,0.052917949,-0.012441064,-0.020360608,-0.004494541,0.94,0.05,B > A,Lowest false ID rate,4,4,300,2000,786.83,117.3333333
2021-11-05 18:39:32,500,0.4,0.031472594,0.024394485,0.037267019,0.043922515,0.03510935,0.052747675,-0.012449921,-0.019254464,-0.004791917,0.953333333,0.05,B > A,Lowest false ID rate,4,4,300,2000,786.83,117.3333333
2021-11-05 18:39:32,600,0.4,0.031954589,0.026004948,0.037943924,0.044783735,0.035563523,0.053201345,-0.012829146,-0.01903917,-0.004705573,0.973333333,0.05,B > A,Lowest false ID rate,4,4,300,2000,786.83,117.3333333
2021-11-05 18:39:32,700,0.4,0.032070499,0.025232501,0.03826272,0.044951457,0.035112031,0.052950778,-0.012880958,-0.018935482,-0.006887754,0.99,0.05,B > A,Lowest false ID rate,4,4,300,2000,786.83,117.3333333
2021-11-05 18:39:32,800,0.4,0.032287365,0.026472461,0.036945176,0.045609025,0.036841011,0.052657104,-0.01332166,-0.019108645,-0.006895872,0.993333333,0.05,B > A,Lowest false ID rate,4,4,300,2000,786.83,117.3333333
2021-11-05 18:39:32,900,0.4,0.032472433,0.026877012,0.037179869,0.04563156,0.038853731,0.052438009,-0.013159127,-0.018313861,-0.007907402,1,0.05,B > A,Lowest false ID rate,4,4,300,2000,786.83,117.3333333
2021-11-05 18:39:32,200,0.5,0.030409722,0.019667578,0.040528125,0.046301637,0.030765781,0.061466797,-0.015891915,-0.027851016,-0.002530938,0.83,0.05,B > A,Lowest false ID rate,4,4,300,2000,786.83,117.3333333
2021-11-05 18:39:32,300,0.5,0.030959562,0.021948851,0.039135278,0.04682906,0.032569257,0.05813754,-0.015869498,-0.024815556,-0.005937227,0.943333333,0.05,B > A,Lowest false ID rate,4,4,300,2000,786.83,117.3333333
2021-11-05 18:39:32,400,0.5,0.031316283,0.023218916,0.038823574,0.047427163,0.035359868,0.058143105,-0.01611088,-0.024652047,-0.006513428,0.973333333,0.05,B > A,Lowest false ID rate,4,4,300,2000,786.83,117.3333333
2021-11-05 18:39:32,500,0.5,0.031617474,0.024951291,0.037917263,0.04749655,0.037161566,0.05750938,-0.015879076,-0.022608369,-0.007980429,0.983333333,0.05,B > A,Lowest false ID rate,4,4,300,2000,786.83,117.3333333
2021-11-05 18:39:32,600,0.5,0.031950543,0.025832839,0.038034729,0.047787139,0.037163441,0.056812322,-0.015836596,-0.022461916,-0.007777575,0.996666667,0.05,B > A,Lowest false ID rate,4,4,300,2000,786.83,117.3333333
2021-11-05 18:39:32,700,0.5,0.032106867,0.025095992,0.03806724,0.048146099,0.039123486,0.055850523,-0.016039232,-0.022488548,-0.008847952,1,0.05,B > A,Lowest false ID rate,4,4,300,2000,786.83,117.3333333
2021-11-05 18:39:32,800,0.5,0.031991568,0.026278377,0.037143228,0.048129334,0.040123313,0.056025742,-0.016137766,-0.021711733,-0.009894689,0.996666667,0.05,B > A,Lowest false ID rate,4,4,300,2000,786.83,117.3333333
2021-11-05 18:39:32,900,0.5,0.032374308,0.02696965,0.037191916,0.048602186,0.041745565,0.055923206,-0.016227879,-0.021979928,-0.01067514,1,0.05,B > A,Lowest false ID rate,4,4,300,2000,786.83,117.3333333
2021-11-05 05:32:02,200,0.2,0.030497671,0.020650488,0.040953672,0.03679633,0.023297188,0.049337266,-0.006298659,-0.015480828,0.005277556,0.365,0.05,B > A,Lowest false ID rate,4,4,200,2000,486.1,78.22222222
2021-11-05 05:32:02,300,0.2,0.030793713,0.022434717,0.039945637,0.036563506,0.025104286,0.045987083,-0.005769793,-0.014362743,0.001656939,0.385,0.05,B > A,Lowest false ID rate,4,4,200,2000,486.1,78.22222222
2021-11-05 05:32:02,400,0.2,0.031647334,0.023813185,0.039062031,0.037509913,0.02845409,0.047567148,-0.005862579,-0.01284125,0.001277324,0.48,0.05,B > A,Lowest false ID rate,4,4,200,2000,486.1,78.22222222
2021-11-05 05:32:02,500,0.2,0.031972576,0.025085563,0.038845413,0.038514415,0.029806718,0.045743225,-0.006541839,-0.01265905,-0.000817737,0.605,0.05,B > A,Lowest false ID rate,4,4,200,2000,486.1,78.22222222
2021-11-05 05:32:02,600,0.2,0.031597904,0.025365124,0.038243394,0.037998161,0.030466445,0.045470845,-0.006400257,-0.01194413,3.61724E-07,0.695,0.05,B > A,Lowest false ID rate,4,4,200,2000,486.1,78.22222222
2021-11-05 05:32:02,700,0.2,0.031948365,0.025569446,0.037628438,0.038507608,0.030849742,0.044919949,-0.006559243,-0.01181514,-0.001303123,0.765,0.05,B > A,Lowest false ID rate,4,4,200,2000,486.1,78.22222222
2021-11-05 05:32:02,800,0.2,0.031821336,0.025466233,0.037031255,0.038543679,0.030870237,0.044804595,-0.006722342,-0.012276249,-0.001444882,0.795,0.05,B > A,Lowest false ID rate,4,4,200,2000,486.1,78.22222222
2021-11-05 05:32:02,900,0.2,0.032524526,0.026601887,0.03781213,0.03919134,0.032171853,0.044912128,-0.006666814,-0.011185631,-0.00146704,0.855,0.05,B > A,Lowest false ID rate,4,4,200,2000,486.1,78.22222222
2021-11-05 05:32:02,200,0.3,0.030130213,0.018548348,0.041938073,0.039012312,0.024678594,0.05309375,-0.008882099,-0.018215469,0.000640054,0.515,0.05,B > A,Lowest false ID rate,4,4,200,2000,486.1,78.22222222
2021-11-05 05:32:02,300,0.3,0.031186918,0.022305231,0.039043021,0.040747292,0.030622411,0.050732813,-0.009560373,-0.017730497,-0.000827455,0.69,0.05,B > A,Lowest false ID rate,4,4,200,2000,486.1,78.22222222
2021-11-05 05:32:02,400,0.3,0.031834392,0.023394785,0.039413496,0.041192051,0.031308005,0.050462285,-0.009357659,-0.016855289,-0.001086494,0.785,0.05,B > A,Lowest false ID rate,4,4,200,2000,486.1,78.22222222
2021-11-05 05:32:02,500,0.3,0.031876519,0.025159306,0.039868404,0.040981122,0.030624486,0.050275825,-0.009104603,-0.015093025,-0.001307086,0.86,0.05,B > A,Lowest false ID rate,4,4,200,2000,486.1,78.22222222
2021-11-05 05:32:02,600,0.3,0.032264158,0.025897726,0.038202487,0.042179058,0.034347149,0.048883203,-0.009914901,-0.015877401,-0.003840649,0.93,0.05,B > A,Lowest false ID rate,4,4,200,2000,486.1,78.22222222
2021-11-05 05:32:02,700,0.3,0.032035992,0.025963868,0.036836891,0.041882021,0.034642341,0.048829298,-0.009846029,-0.01580812,-0.004099133,0.945,0.05,B > A,Lowest false ID rate,4,4,200,2000,486.1,78.22222222
2021-11-05 05:32:02,800,0.3,0.032684069,0.027634936,0.037140371,0.042203603,0.035056358,0.049255264,-0.009519534,-0.014237576,-0.004291505,0.965,0.05,B > A,Lowest false ID rate,4,4,200,2000,486.1,78.22222222
2021-11-05 05:32:02,900,0.3,0.032363544,0.026786975,0.036897751,0.042212328,0.035884109,0.047373221,-0.009848784,-0.014344237,-0.004804958,0.985,0.05,B > A,Lowest false ID rate,4,4,200,2000,486.1,78.22222222
2021-11-05 05:32:02,200,0.4,0.029927189,0.019095879,0.040225938,0.042659628,0.025137402,0.056232578,-0.012732438,-0.023755994,-0.001918281,0.735,0.05,B > A,Lowest false ID rate,4,4,200,2000,486.1,78.22222222
2021-11-05 05:32:02,300,0.4,0.031349,0.023115269,0.039365394,0.043188071,0.029072531,0.055999444,-0.011839072,-0.020886995,-0.003247222,0.805,0.05,B > A,Lowest false ID rate,4,4,200,2000,486.1,78.22222222
2021-11-05 05:32:02,400,0.4,0.031791939,0.023819625,0.039763496,0.044023416,0.032562616,0.05362373,-0.012231477,-0.020075981,-0.003932287,0.895,0.05,B > A,Lowest false ID rate,4,4,200,2000,486.1,78.22222222
2021-11-05 05:32:02,500,0.4,0.031690646,0.025642202,0.03872355,0.044631225,0.032666878,0.053535463,-0.012940579,-0.019130249,-0.004543344,0.955,0.05,B > A,Lowest false ID rate,4,4,200,2000,486.1,78.22222222
2021-11-05 05:32:02,600,0.4,0.032189732,0.026763468,0.038394175,0.04521106,0.037118321,0.053276189,-0.013021328,-0.018953896,-0.00640774,0.98,0.05,B > A,Lowest false ID rate,4,4,200,2000,486.1,78.22222222
2021-11-05 05:32:02,700,0.4,0.032099742,0.026738969,0.037869228,0.045135703,0.038279976,0.052573085,-0.013035961,-0.017891192,-0.007548424,0.995,0.05,B > A,Lowest false ID rate,4,4,200,2000,486.1,78.22222222
2021-11-05 05:32:02,800,0.4,0.032451359,0.026601537,0.038227866,0.045332728,0.036771058,0.05139405,-0.012881369,-0.018568465,-0.006366553,1,0.05,B > A,Lowest false ID rate,4,4,200,2000,486.1,78.22222222
2021-11-05 05:32:02,900,0.4,0.033129057,0.028250104,0.038459556,0.045928855,0.037700448,0.052669845,-0.012799798,-0.018273886,-0.005787629,1,0.05,B > A,Lowest false ID rate,4,4,200,2000,486.1,78.22222222
2021-11-05 05:32:02,200,0.5,0.030709675,0.018859403,0.041320234,0.045556686,0.030918359,0.060215469,-0.014847012,-0.025335078,-0.00406611,0.795,0.05,B > A,Lowest false ID rate,4,4,200,2000,486.1,78.22222222
2021-11-05 05:32:02,300,0.5,0.03086424,0.021481736,0.038446458,0.046803499,0.033113495,0.059569132,-0.015939259,-0.025591435,-0.007026121,0.965,0.05,B > A,Lowest false ID rate,4,4,200,2000,486.1,78.22222222
2021-11-05 05:32:02,400,0.5,0.031870242,0.023384375,0.039838512,0.04718308,0.034797716,0.058393613,-0.015312838,-0.024074082,-0.005934701,0.955,0.05,B > A,Lowest false ID rate,4,4,200,2000,486.1,78.22222222
2021-11-05 05:32:02,500,0.5,0.031898885,0.024972742,0.039310838,0.047799651,0.037372731,0.058314025,-0.015900766,-0.023157813,-0.00812599,0.995,0.05,B > A,Lowest false ID rate,4,4,200,2000,486.1,78.22222222
2021-11-05 05:32:02,600,0.5,0.03189569,0.026084158,0.037713343,0.047705854,0.038778223,0.056786267,-0.015810164,-0.02216339,-0.008663687,0.99,0.05,B > A,Lowest false ID rate,4,4,200,2000,486.1,78.22222222
2021-11-05 05:32:02,700,0.5,0.032406737,0.026568998,0.037726254,0.048601435,0.037888304,0.055609866,-0.016194698,-0.02185251,-0.008485508,1,0.05,B > A,Lowest false ID rate,4,4,200,2000,486.1,78.22222222
2021-11-05 05:32:02,800,0.5,0.032398272,0.025613361,0.037620049,0.048695992,0.040472865,0.056041689,-0.01629772,-0.020661418,-0.010575833,0.995,0.05,B > A,Lowest false ID rate,4,4,200,2000,486.1,78.22222222
2021-11-05 05:32:02,900,0.5,0.032589254,0.027836252,0.03806664,0.048867717,0.040935137,0.056575347,-0.016278463,-0.021244275,-0.011054683,1,0.05,B > A,Lowest false ID rate,4,4,200,2000,486.1,78.22222222
2021-11-04 19:52:20,220,0.5,0.031127791,0.02148995,0.042000517,0.04642737,0.030872143,0.060711583,-0.015299579,-0.026719405,-0.004810763,0.845,0.05,B > A,Lowest false ID rate,4,4,200,2000,9.87,0.977777778
2021-11-04 19:37:09,350,0.1,0.031411815,0.023186722,0.039339643,0.034670488,0.025876037,0.043245678,-0.003258673,-0.009313923,0.003869554,0.23,0.05,B > A,Lowest false ID rate,4,4,200,1000,157.59,22.22222222
2021-11-04 19:37:09,450,0.1,0.031513212,0.023640138,0.038517469,0.034924234,0.02531526,0.043111852,-0.003411022,-0.00961446,0.003503036,0.255,0.05,B > A,Lowest false ID rate,4,4,200,1000,157.59,22.22222222
2021-11-04 19:37:09,550,0.1,0.031757991,0.024081446,0.038017416,0.034821856,0.027457913,0.041557397,-0.003063865,-0.009326655,0.002917503,0.25,0.05,B > A,Lowest false ID rate,4,4,200,1000,157.59,22.22222222
2021-11-04 19:37:09,650,0.1,0.031945072,0.024800726,0.0374527,0.035176047,0.028188643,0.041804201,-0.003230974,-0.008880529,0.002578192,0.32,0.05,B > A,Lowest false ID rate,4,4,200,1000,157.59,22.22222222
2021-11-04 19:37:09,350,0.2,0.031154131,0.022763014,0.039320281,0.037548673,0.027538699,0.046693801,-0.006394542,-0.014026105,0.00163008,0.49,0.05,B > A,Lowest false ID rate,4,4,200,1000,157.59,22.22222222
2021-11-04 19:37:09,450,0.2,0.031449346,0.023494954,0.038102627,0.037714798,0.028423966,0.045849182,-0.006265452,-0.01259145,0.000607423,0.525,0.05,B > A,Lowest false ID rate,4,4,200,1000,157.59,22.22222222
2021-11-04 19:37:09,550,0.2,0.03235433,0.025670439,0.039452386,0.038681371,0.031104837,0.046358636,-0.006327041,-0.011947561,-0.000314167,0.635,0.05,B > A,Lowest false ID rate,4,4,200,1000,157.59,22.22222222
2021-11-04 19:37:09,650,0.2,0.031952179,0.024937857,0.038136664,0.038424853,0.030397503,0.046083151,-0.006472674,-0.011926091,-0.000967418,0.705,0.05,B > A,Lowest false ID rate,4,4,200,1000,157.59,22.22222222
2021-11-04 19:37:09,350,0.3,0.031492982,0.022790281,0.039483316,0.040366116,0.029478138,0.050355128,-0.008873134,-0.017011264,0.000324579,0.7,0.05,B > A,Lowest false ID rate,4,4,200,1000,157.59,22.22222222
2021-11-04 19:37:09,450,0.3,0.031553583,0.02369769,0.038871636,0.041281914,0.032152433,0.049796914,-0.009728331,-0.016820077,-0.001946009,0.83,0.05,B > A,Lowest false ID rate,4,4,200,1000,157.59,22.22222222
2021-11-04 19:37:09,550,0.3,0.032174613,0.025209053,0.038179845,0.041562522,0.03212404,0.05089939,-0.009387908,-0.015675837,-0.00266221,0.85,0.05,B > A,Lowest false ID rate,4,4,200,1000,157.59,22.22222222
2021-11-04 19:37:09,650,0.3,0.032199613,0.026374467,0.038138817,0.041845385,0.033362841,0.049098868,-0.009645771,-0.015366346,-0.002927406,0.915,0.05,B > A,Lowest false ID rate,4,4,200,1000,157.59,22.22222222
2021-11-04 19:37:09,350,0.4,0.031448571,0.022918495,0.039484249,0.043613979,0.03175461,0.054006413,-0.012165409,-0.020603414,-0.003147726,0.875,0.05,B > A,Lowest false ID rate,4,4,200,1000,157.59,22.22222222
2021-11-04 19:37:09,450,0.4,0.031902062,0.024567654,0.03920091,0.044031278,0.035686811,0.051796744,-0.012129215,-0.019842315,-0.005501729,0.95,0.05,B > A,Lowest false ID rate,4,4,200,1000,157.59,22.22222222
2021-11-04 19:37:09,550,0.4,0.032075159,0.025585056,0.038083936,0.045260945,0.037805445,0.052737624,-0.013185786,-0.020035093,-0.007143895,1,0.05,B > A,Lowest false ID rate,4,4,200,1000,157.59,22.22222222
2021-11-04 19:37:09,650,0.4,0.03224417,0.025759656,0.037594112,0.045241266,0.03703072,0.053282722,-0.012997096,-0.018710037,-0.005928769,0.985,0.05,B > A,Lowest false ID rate,4,4,200,1000,157.59,22.22222222
2021-11-04 19:37:09,350,0.5,0.03130636,0.02319977,0.040084801,0.046795801,0.035525733,0.058597423,-0.01548944,-0.023299156,-0.00698674,0.96,0.05,B > A,Lowest false ID rate,4,4,200,1000,157.59,22.22222222
2021-11-04 19:37:09,450,0.5,0.031120388,0.022949796,0.039103549,0.046649689,0.033892642,0.057272145,-0.015529301,-0.024152346,-0.006567443,0.98,0.05,B > A,Lowest false ID rate,4,4,200,1000,157.59,22.22222222
2021-11-04 19:37:09,550,0.5,0.032332978,0.02605812,0.039636901,0.048238492,0.037260511,0.056878146,-0.015905514,-0.023892386,-0.007273588,1,0.05,B > A,Lowest false ID rate,4,4,200,1000,157.59,22.22222222
2021-11-04 19:37:09,650,0.5,0.032191639,0.025768915,0.03914125,0.048584601,0.039136882,0.056673156,-0.016392962,-0.023453977,-0.008866445,0.995,0.05,B > A,Lowest false ID rate,4,4,200,1000,157.59,22.22222222
2021-11-03 21:45:47,300,0.1,0.176695865,0.155239792,0.198310612,0.193382364,0.170279226,0.21527316,-0.016686499,-0.039627461,0.006521012,0.39,0.05,B > A,Lowest false ID rate,4,4,200,1000,201.52,27.77777778
2021-11-03 21:45:47,400,0.1,0.177211558,0.155356725,0.196218627,0.193149897,0.172397712,0.211285618,-0.015938339,-0.03419072,-0.000381934,0.47,0.05,B > A,Lowest false ID rate,4,4,200,1000,201.52,27.77777778
2021-11-03 21:45:47,500,0.1,0.177803771,0.161819935,0.192757025,0.19435898,0.176458282,0.210691238,-0.016555209,-0.033257154,2.57773E-05,0.59,0.05,B > A,Lowest false ID rate,4,4,200,1000,201.52,27.77777778
2021-11-03 21:45:47,600,0.1,0.178629436,0.162017899,0.19325631,0.195711202,0.17986219,0.209908276,-0.017081766,-0.032669362,-0.000344532,0.69,0.05,B > A,Lowest false ID rate,4,4,200,1000,201.52,27.77777778
2021-11-03 21:45:47,700,0.1,0.178558759,0.163390634,0.19345408,0.197232814,0.183083466,0.213267577,-0.018674055,-0.031638745,-0.006162133,0.77,0.05,B > A,Lowest false ID rate,4,4,200,1000,201.52,27.77777778
2021-11-03 21:45:47,300,0.2,0.176144123,0.156587972,0.198764757,0.210893016,0.185513834,0.239404028,-0.034748893,-0.059476204,-0.012576089,0.9,0.05,B > A,Lowest false ID rate,4,4,200,1000,201.52,27.77777778
2021-11-03 21:45:47,400,0.2,0.177206825,0.160884398,0.19658478,0.212474032,0.189031662,0.232831684,-0.035267207,-0.055412297,-0.013389258,0.955,0.05,B > A,Lowest false ID rate,4,4,200,1000,201.52,27.77777778
2021-11-03 21:45:47,500,0.2,0.177391841,0.159645971,0.1971713,0.213311967,0.190622586,0.232436733,-0.035920127,-0.052944911,-0.018720722,0.99,0.05,B > A,Lowest false ID rate,4,4,200,1000,201.52,27.77777778
2021-11-03 21:45:47,600,0.2,0.177079143,0.155369143,0.190493245,0.212752542,0.191862667,0.229633979,-0.035673399,-0.05238343,-0.018424885,1,0.05,B > A,Lowest false ID rate,4,4,200,1000,201.52,27.77777778
2021-11-03 21:45:47,700,0.2,0.178388603,0.162143463,0.193283223,0.213155589,0.195979432,0.228896501,-0.034766986,-0.050497571,-0.019235999,1,0.05,B > A,Lowest false ID rate,4,4,200,1000,201.52,27.77777778
2021-11-03 21:45:47,300,0.3,0.176973,0.155255066,0.198501156,0.228525747,0.198425469,0.255390417,-0.051552748,-0.073866442,-0.028805931,0.995,0.05,B > A,Lowest false ID rate,4,4,200,1000,201.52,27.77777778
2021-11-03 21:45:47,400,0.3,0.176765514,0.155408355,0.194848429,0.230701421,0.206410819,0.252290877,-0.053935908,-0.074075173,-0.026214998,1,0.05,B > A,Lowest false ID rate,4,4,200,1000,201.52,27.77777778
2021-11-03 21:45:47,500,0.3,0.177170458,0.155861177,0.193632613,0.230290084,0.209262253,0.254648309,-0.053119625,-0.073069657,-0.030148142,1,0.05,B > A,Lowest false ID rate,4,4,200,1000,201.52,27.77777778
2021-11-03 21:45:47,600,0.3,0.178071184,0.162198905,0.194131579,0.231960105,0.213343018,0.248997075,-0.053888921,-0.070861134,-0.037134863,1,0.05,B > A,Lowest false ID rate,4,4,200,1000,201.52,27.77777778
2021-11-03 21:45:47,700,0.3,0.178835833,0.164029009,0.193759145,0.232943121,0.213783718,0.248518506,-0.054107288,-0.068935128,-0.040783524,1,0.05,B > A,Lowest false ID rate,4,4,200,1000,201.52,27.77777778
2021-11-03 21:45:47,300,0.4,0.175632565,0.154943333,0.195975521,0.245512818,0.210865351,0.271571305,-0.069880253,-0.089606979,-0.041855899,1,0.05,B > A,Lowest false ID rate,4,4,200,1000,201.52,27.77777778
2021-11-03 21:45:47,400,0.4,0.176261857,0.154472608,0.194230195,0.246929086,0.222333746,0.271112763,-0.070667229,-0.09429724,-0.049439874,1,0.05,B > A,Lowest false ID rate,4,4,200,1000,201.52,27.77777778
2021-11-03 21:45:47,500,0.4,0.178180274,0.164716088,0.192948313,0.249964699,0.227346377,0.268197414,-0.071784425,-0.08699352,-0.05055003,1,0.05,B > A,Lowest false ID rate,4,4,200,1000,201.52,27.77777778
2021-11-03 21:45:47,600,0.4,0.178769112,0.164185632,0.194925912,0.250909524,0.232646116,0.26945409,-0.072140411,-0.089514764,-0.05414126,1,0.05,B > A,Lowest false ID rate,4,4,200,1000,201.52,27.77777778
2021-11-03 21:45:47,700,0.4,0.179133409,0.162622028,0.194734139,0.25001485,0.231038485,0.267133827,-0.070881441,-0.085295963,-0.054739192,1,0.05,B > A,Lowest false ID rate,4,4,200,1000,201.52,27.77777778
2021-11-03 21:45:47,300,0.5,0.174959992,0.153834617,0.198509167,0.262949494,0.228041384,0.291215729,-0.087989502,-0.10947554,-0.061818007,1,0.05,B > A,Lowest false ID rate,4,4,200,1000,201.52,27.77777778
2021-11-03 21:45:47,400,0.5,0.176815699,0.158670045,0.196055874,0.265369459,0.240692259,0.290751977,-0.08855376,-0.107160235,-0.065538997,1,0.05,B > A,Lowest false ID rate,4,4,200,1000,201.52,27.77777778
2021-11-03 21:45:47,500,0.5,0.177396275,0.1566288,0.194273575,0.267246897,0.239760588,0.285802448,-0.089850622,-0.106673866,-0.069816888,1,0.05,B > A,Lowest false ID rate,4,4,200,1000,201.52,27.77777778
2021-11-03 21:45:47,600,0.5,0.178817558,0.162001922,0.194085744,0.268228437,0.246372184,0.28547433,-0.089410879,-0.105524609,-0.073028275,1,0.05,B > A,Lowest false ID rate,4,4,200,1000,201.52,27.77777778
2021-11-03 21:45:47,700,0.5,0.17927589,0.164746499,0.193503055,0.266911489,0.246312763,0.283636327,-0.087635599,-0.103545615,-0.073149486,1,0.05,B > A,Lowest false ID rate,4,4,200,1000,201.52,27.77777778
2021-11-03 18:20:47,55,0,0.110771228,0.073551935,0.157797521,0.173688401,0.12222073,0.22984022,-0.062917173,-0.104155303,-0.018071074,0.79,0.05,B > A,Lowest false ID rate,4,4,200,2000,15.68,0.511111111
2021-11-03 18:20:47,60,0,0.110616495,0.074257031,0.153478299,0.174135546,0.117564525,0.226350694,-0.063519051,-0.108552269,-0.017921489,0.86,0.05,B > A,Lowest false ID rate,4,4,200,2000,15.68,0.511111111
2021-11-03 17:19:18,2500,0,0.158800973,0.1503402,0.170408074,0.167162268,0.159596516,0.175126164,-0.008361295,-0.014818376,-0.001128629,0.765,0.05,B > A,Lowest false ID rate,4,4,200,1000,88.98,20
2021-11-03 17:19:18,3000,0,0.15840061,0.149677654,0.168158327,0.166713268,0.159369111,0.173130151,-0.008312658,-0.014150063,-0.002247509,0.8,0.05,B > A,Lowest false ID rate,4,4,200,1000,88.98,20
2021-11-03 17:19:18,3500,0,0.159080945,0.152108046,0.167232446,0.167048837,0.161471985,0.174928731,-0.007967891,-0.013917491,-0.002217416,0.825,0.05,B > A,Lowest false ID rate,4,4,200,1000,88.98,20
2021-11-03 08:33:51,400,0,0.158411939,0.137373856,0.180515498,0.166374284,0.147942461,0.184298574,-0.007962345,-0.025691506,0.00819757,0.135,0.05,Two-tailed,Lowest false ID rate,4,4,200,1000,36.29,4.888888889
2021-11-03 08:33:51,500,0,0.157404372,0.136587484,0.178768714,0.166327824,0.1510938,0.186657925,-0.008923452,-0.028863539,0.009205663,0.2,0.05,Two-tailed,Lowest false ID rate,4,4,200,1000,36.29,4.888888889
2021-11-03 08:33:51,600,0,0.158816274,0.13910567,0.179151664,0.166556843,0.152573099,0.183262075,-0.007740569,-0.02213279,0.005919727,0.195,0.05,Two-tailed,Lowest false ID rate,4,4,200,1000,36.29,4.888888889
2021-11-03 08:33:51,700,0,0.158974497,0.137246641,0.175369651,0.16697888,0.153654764,0.180695874,-0.008004383,-0.019718232,0.005328443,0.215,0.05,Two-tailed,Lowest false ID rate,4,4,200,1000,36.29,4.888888889
2021-11-03 07:49:41,25,0,0.107073211,0.0542175,0.1626975,0.165047938,0.10113,0.235825,-0.057974727,-0.140405,0.020135,0.365,0.05,Two-tailed,Lowest false ID rate,4,4,200,2000,23.4,0.666666667
2021-11-03 07:49:41,50,0,0.111911486,0.065348864,0.1518025,0.170834612,0.11617375,0.21845125,-0.058923126,-0.111786875,-0.00385,0.63,0.05,Two-tailed,Lowest false ID rate,4,4,200,2000,23.4,0.666666667
2021-11-03 07:49:41,75,0,0.112837546,0.077818148,0.14822,0.179417704,0.137208333,0.223437222,-0.066580159,-0.108337361,-0.022012222,0.825,0.05,Two-tailed,Lowest false ID rate,4,4,200,2000,23.4,0.666666667
2021-11-03 04:24:36,400,0,0.116596523,0.098913501,0.135716523,0.182393866,0.166587949,0.199345273,-0.065797343,-0.084043037,-0.048638963,1,0.05,Two-tailed,Lowest false ID rate,4,4,200,2000,194.38,29.33333333
2021-11-03 04:24:36,500,0,0.117607664,0.09948607,0.132754738,0.183658746,0.168164525,0.199752525,-0.066051082,-0.082280343,-0.051888267,1,0.05,Two-tailed,Lowest false ID rate,4,4,200,2000,194.38,29.33333333
2021-11-03 04:24:36,600,0,0.117071901,0.101959327,0.13286674,0.182433334,0.166682057,0.199705488,-0.065361433,-0.078296432,-0.049024348,1,0.05,Two-tailed,Lowest false ID rate,4,4,200,2000,194.38,29.33333333
2021-11-03 04:24:36,700,0,0.118007125,0.104431696,0.129611854,0.18320719,0.17058713,0.199150861,-0.065200065,-0.078044573,-0.053438289,1,0.05,Two-tailed,Lowest false ID rate,4,4,200,2000,194.38,29.33333333
2021-11-03 04:24:36,400,-0.1,0.117179455,0.098406796,0.136166094,0.165708063,0.148896875,0.185660527,-0.048528609,-0.065696015,-0.031453205,1,0.05,Two-tailed,Lowest false ID rate,4,4,200,2000,194.38,29.33333333
2021-11-03 04:24:36,500,-0.1,0.117767089,0.102248839,0.131446995,0.165062782,0.149156088,0.17925085,-0.047295693,-0.062875463,-0.031616234,1,0.05,Two-tailed,Lowest false ID rate,4,4,200,2000,194.38,29.33333333
2021-11-03 04:24:36,600,-0.1,0.118205054,0.100905657,0.133197535,0.165249635,0.147806354,0.181685313,-0.047044581,-0.061888307,-0.034565142,1,0.05,Two-tailed,Lowest false ID rate,4,4,200,2000,194.38,29.33333333
2021-11-03 04:24:36,700,-0.1,0.117722333,0.102872722,0.13223456,0.165457373,0.150441952,0.178626403,-0.047735041,-0.059847528,-0.035029162,1,0.05,Two-tailed,Lowest false ID rate,4,4,200,2000,194.38,29.33333333
2021-11-03 04:24:36,400,-0.2,0.118168112,0.102207518,0.135375984,0.147411487,0.132309727,0.163957891,-0.029243375,-0.047850285,-0.011268438,0.895,0.05,Two-tailed,Lowest false ID rate,4,4,200,2000,194.38,29.33333333
2021-11-03 04:24:36,500,-0.2,0.117927891,0.100991938,0.13525585,0.145871489,0.13000845,0.162912629,-0.027943598,-0.042609145,-0.011520251,0.935,0.05,Two-tailed,Lowest false ID rate,4,4,200,2000,194.38,29.33333333
2021-11-03 04:24:36,600,-0.2,0.117334214,0.102064329,0.13372019,0.146961886,0.132673967,0.160927604,-0.029627672,-0.044248726,-0.013082631,0.96,0.05,Two-tailed,Lowest false ID rate,4,4,200,2000,194.38,29.33333333
2021-11-03 04:24:36,700,-0.2,0.116990964,0.103542355,0.131777702,0.146607033,0.133500784,0.159267921,-0.029616069,-0.043790488,-0.016520608,0.99,0.05,Two-tailed,Lowest false ID rate,4,4,200,2000,194.38,29.33333333
2021-10-26 07:06:24,405,-0.34,0.066917014,0.048011541,0.082629706,0.044151151,0.033141425,0.057046773,0.022765862,0.005863161,0.035631916,0.835,0.05,Two-tailed,Lowest false ID rate,2,2,200,1000,22.07,3.6
2021-10-26 07:06:24,405,-0.35,0.065977584,0.049737769,0.080834918,0.042826102,0.030248971,0.056195448,0.023151483,0.007738007,0.034751804,0.82,0.05,Two-tailed,Lowest false ID rate,2,2,200,1000,22.07,3.6
2021-10-26 07:06:24,405,-0.36,0.065497419,0.050039796,0.081534675,0.042114526,0.030443949,0.053327846,0.023382893,0.007768125,0.038419399,0.845,0.05,Two-tailed,Lowest false ID rate,2,2,200,1000,22.07,3.6
2021-10-26 07:06:24,405,-0.37,0.067274541,0.0511285,0.081637403,0.041570774,0.031732205,0.052724356,0.025703767,0.008317158,0.04017444,0.9,0.05,Two-tailed,Lowest false ID rate,2,2,200,1000,22.07,3.6
2021-10-26 06:41:15,405,-0.3,0.065994363,0.049654241,0.08237982,0.046571119,0.035150911,0.058718793,0.019423244,0.004233627,0.035748304,0.665,0.05,Two-tailed,Lowest false ID rate,2,2,200,1000,27.85,4.5
2021-10-26 06:41:15,405,-0.4,0.066816829,0.046818507,0.083826932,0.040366092,0.029658462,0.051438881,0.026450737,0.009394996,0.043088447,0.91,0.05,Two-tailed,Lowest false ID rate,2,2,200,1000,27.85,4.5
2021-10-26 06:41:15,405,-0.5,0.066754014,0.049231814,0.084017452,0.032643508,0.022518004,0.042983463,0.034110506,0.016540445,0.050133993,0.995,0.05,Two-tailed,Lowest false ID rate,2,2,200,1000,27.85,4.5
2021-10-26 06:41:15,405,-0.6,0.065766936,0.050217691,0.083171696,0.026379095,0.017543012,0.033810395,0.03938784,0.025476114,0.056520151,1,0.05,Two-tailed,Lowest false ID rate,2,2,200,1000,27.85,4.5
2021-10-26 06:41:15,405,-0.7,0.067129572,0.049030841,0.08362554,0.020072867,0.012558731,0.02775644,0.047056705,0.031374464,0.063098219,1,0.05,Two-tailed,Lowest false ID rate,2,2,200,1000,27.85,4.5
2021-10-20 02:06:09,5000,-0.5,0.276336051,0.264040437,0.289389614,0.138027529,0.128745353,0.146812494,0.138308522,0.127838895,0.151569154,1,0.05,Two-tailed,Lowest false ID rate,1,1,200,1000,89.18,66.66666667
2021-10-20 02:06:09,5000,-0.4,0.276290255,0.263639586,0.289969688,0.165927299,0.156611906,0.177153476,0.110362956,0.10014342,0.121901174,1,0.05,Two-tailed,Lowest false ID rate,1,1,200,1000,89.18,66.66666667
2021-10-20 02:06:09,5000,-0.3,0.276155773,0.260802815,0.287775656,0.193698597,0.183773054,0.205000132,0.082457176,0.070352692,0.09657181,1,0.05,Two-tailed,Lowest false ID rate,1,1,200,1000,89.18,66.66666667
2021-10-20 02:06:09,5000,-0.2,0.276261111,0.261255567,0.290464545,0.220557457,0.209494001,0.231668582,0.055703654,0.044973707,0.06681181,1,0.05,Two-tailed,Lowest false ID rate,1,1,200,1000,89.18,66.66666667
2021-10-20 02:06:09,5000,-0.1,0.276485356,0.263144394,0.288172404,0.2482639,0.235004824,0.259451796,0.028221456,0.017499506,0.037645266,1,0.05,Two-tailed,Lowest false ID rate,1,1,200,1000,89.18,66.66666667
2021-10-20 02:06:09,5000,0.1,0.276827341,0.264692085,0.28989952,0.305154253,0.290791314,0.31933793,-0.028326913,-0.040363522,-0.017235944,1,0.05,Two-tailed,Lowest false ID rate,1,1,200,1000,89.18,66.66666667
2021-10-05 01:43:13,237,-0.8,0.017171477,0.005418581,0.034623858,0.004236144,0.001610986,0.008049146,0.012935332,0.002751295,0.02783822,0.845,0.05,Two-tailed,Lowest false ID rate,2,2,200,1000,9.46,1.053333333
2021-10-05 01:43:13,237,0.85,0.015969276,0.004891332,0.033665966,0.03578565,0.019056107,0.056129938,-0.019816373,-0.033494343,-0.009684761,0.83,0.05,Two-tailed,Lowest false ID rate,2,2,200,1000,9.46,1.053333333
2021-09-26 11:29:37,1000,0.1,0.017928102,0.00769305,0.029795,0.019603991,0.007753,0.0321704,-0.001675889,-0.0099842,0.006573,0.093333333,0.05,Two-tailed,Lowest false ID rate,0.5,0.5,300,1000,2.1659772,150
2021-09-26 11:29:37,3000,0.1,0.019926973,0.013158384,0.026477867,0.021930006,0.014316378,0.030064244,-0.002003033,-0.006941103,0.003460333,0.116666667,0.05,Two-tailed,Lowest false ID rate,0.5,0.5,300,1000,2.1659772,150
2021-09-26 11:29:37,5000,0.1,0.020195168,0.014670872,0.025064224,0.022419624,0.015815408,0.027783272,-0.002224456,-0.006630106,0.002045182,0.186666667,0.05,Two-tailed,Lowest false ID rate,0.5,0.5,300,1000,2.1659772,150
2021-09-26 11:29:37,1000,0.2,0.018126746,0.007778567,0.031107,0.021671084,0.0086262,0.0358774,-0.003544339,-0.01267842,0.006026413,0.2,0.05,Two-tailed,Lowest false ID rate,0.5,0.5,300,1000,2.1659772,150
2021-09-26 11:29:37,3000,0.2,0.019921018,0.013327689,0.026893237,0.023964575,0.016526711,0.030987867,-0.004043557,-0.008681296,0.000944094,0.31,0.05,Two-tailed,Lowest false ID rate,0.5,0.5,300,1000,2.1659772,150
2021-09-26 11:29:37,5000,0.2,0.020100849,0.014357366,0.02528092,0.024306866,0.018370212,0.03045808,-0.004206017,-0.008611098,0.000333874,0.5,0.05,Two-tailed,Lowest false ID rate,0.5,0.5,300,1000,2.1659772,150
2021-09-26 11:29:37,1000,0.3,0.01830505,0.008082733,0.0301332,0.023607019,0.0115558,0.0389132,-0.005301969,-0.014354,0.003149,0.213333333,0.05,Two-tailed,Lowest false ID rate,0.5,0.5,300,1000,2.1659772,150
2021-09-26 11:29:37,3000,0.3,0.019753894,0.013008761,0.026104778,0.025674451,0.016855467,0.033756356,-0.005920557,-0.011238844,0.000104956,0.54,0.05,Two-tailed,Lowest false ID rate,0.5,0.5,300,1000,2.1659772,150
2021-09-26 11:29:37,5000,0.3,0.02026595,0.014356353,0.02548552,0.026304311,0.017760707,0.033444264,-0.006038362,-0.010377048,-0.000294278,0.733333333,0.05,Two-tailed,Lowest false ID rate,0.5,0.5,300,1000,2.1659772,150
2021-09-26 11:29:37,1000,0.4,0.018033754,0.0075192,0.0296168,0.025720026,0.0124516,0.0430898,-0.007686271,-0.0179818,0.002304,0.396666667,0.05,Two-tailed,Lowest false ID rate,0.5,0.5,300,1000,2.1659772,150
2021-09-26 11:29:37,3000,0.4,0.019695915,0.012482931,0.026191839,0.027542365,0.017839822,0.035852378,-0.00784645,-0.014184513,-0.001545267,0.7,0.05,Two-tailed,Lowest false ID rate,0.5,0.5,300,1000,2.1659772,150
2021-09-26 11:29:37,5000,0.4,0.020638599,0.014820925,0.025335176,0.028815267,0.021581248,0.035408293,-0.008176667,-0.012315847,-0.002785176,0.926666667,0.05,Two-tailed,Lowest false ID rate,0.5,0.5,300,1000,2.1659772,150
2021-09-26 11:29:37,1000,0.5,0.018136465,0.0076182,0.0275738,0.027206133,0.01037055,0.0423978,-0.009069669,-0.019354,0.0018592,0.45,0.05,Two-tailed,Lowest false ID rate,0.5,0.5,300,1000,2.1659772,150
2021-09-26 11:29:37,3000,0.5,0.019964895,0.012404747,0.026513439,0.030046821,0.020025613,0.039694711,-0.010081926,-0.015620193,-0.003195369,0.866666667,0.05,Two-tailed,Lowest false ID rate,0.5,0.5,300,1000,2.1659772,150
2021-09-26 11:29:37,5000,0.5,0.02029871,0.014888944,0.026140176,0.030360724,0.021863305,0.03906312,-0.010062014,-0.015134365,-0.004119201,0.953333333,0.05,Two-tailed,Lowest false ID rate,0.5,0.5,300,1000,2.1659772,150
2021-09-26 05:20:51,1000,0.1,0.018570411,0.00725952,0.0311672,0.020327827,0.0089609,0.0328124,-0.001757416,-0.0105476,0.0065773,0.103333333,0.05,Two-tailed,Lowest false ID rate,0.5,0.5,300,1000,2.249972886,150
2021-09-26 05:20:51,3000,0.1,0.019561401,0.012697437,0.026619089,0.021883808,0.015040689,0.028802622,-0.002322406,-0.0075148,0.002914404,0.146666667,0.05,Two-tailed,Lowest false ID rate,0.5,0.5,300,1000,2.249972886,150
2021-09-26 05:20:51,5000,0.1,0.020510819,0.015406057,0.025538368,0.022578481,0.01700871,0.027890368,-0.002067662,-0.006386326,0.002180373,0.16,0.05,Two-tailed,Lowest false ID rate,0.5,0.5,300,1000,2.249972886,150
2021-09-26 05:20:51,1000,0.2,0.018234582,0.0066304,0.029042,0.022338689,0.009993,0.035498,-0.004104108,-0.0132384,0.0044107,0.196666667,0.05,Two-tailed,Lowest false ID rate,0.5,0.5,300,1000,2.249972886,150
2021-09-26 05:20:51,3000,0.2,0.0199035,0.0140706,0.026533444,0.023673648,0.014351009,0.031508933,-0.003770148,-0.008847733,0.002263438,0.313333333,0.05,Two-tailed,Lowest false ID rate,0.5,0.5,300,1000,2.249972886,150
2021-09-26 05:20:51,5000,0.2,0.020774297,0.015690783,0.025407672,0.024583124,0.01808527,0.03020364,-0.003808828,-0.007355435,0.000571072,0.396666667,0.05,Two-tailed,Lowest false ID rate,0.5,0.5,300,1000,2.249972886,150
2021-09-26 05:20:51,1000,0.3,0.017838094,0.0064463,0.028522,0.023240618,0.010098533,0.0359544,-0.005402524,-0.014589,0.0042884,0.27,0.05,Two-tailed,Lowest false ID rate,0.5,0.5,300,1000,2.249972886,150
2021-09-26 05:20:51,3000,0.3,0.020200298,0.013564702,0.027229822,0.026347114,0.018263333,0.034774844,-0.006146816,-0.011662305,-0.001024844,0.57,0.05,Two-tailed,Lowest false ID rate,0.5,0.5,300,1000,2.249972886,150
2021-09-26 05:20:51,5000,0.3,0.02055497,0.01561538,0.025888216,0.026590377,0.018996942,0.032342599,-0.006035407,-0.009861922,-0.001519476,0.736666667,0.05,Two-tailed,Lowest false ID rate,0.5,0.5,300,1000,2.249972886,150
2021-09-26 05:20:51,1000,0.4,0.018038575,0.0083632,0.02820956,0.025066731,0.010394587,0.0403048,-0.007028156,-0.016950267,0.003162,0.34,0.05,Two-tailed,Lowest false ID rate,0.5,0.5,300,1000,2.249972886,150
2021-09-26 05:20:51,3000,0.4,0.019831871,0.013500167,0.0263818,0.027444226,0.018383978,0.035594956,-0.007612355,-0.013601356,-0.001263025,0.703333333,0.05,Two-tailed,Lowest false ID rate,0.5,0.5,300,1000,2.249972886,150
2021-09-26 05:20:51,5000,0.4,0.020554217,0.015425248,0.025570608,0.028744182,0.021079282,0.035461376,-0.008189965,-0.012669713,-0.003265166,0.906666667,0.05,Two-tailed,Lowest false ID rate,0.5,0.5,300,1000,2.249972886,150
2021-09-26 05:20:51,1000,0.5,0.018270173,0.0076538,0.0288092,0.027598811,0.0094798,0.0436568,-0.009328637,-0.0196125,0.001607,0.486666667,0.05,Two-tailed,Lowest false ID rate,0.5,0.5,300,1000,2.249972886,150
2021-09-26 05:20:51,3000,0.5,0.019866904,0.013242533,0.026939989,0.02990045,0.018691667,0.040999726,-0.010033546,-0.016821289,-0.002780133,0.863333333,0.05,Two-tailed,Lowest false ID rate,0.5,0.5,300,1000,2.249972886,150
2021-09-26 05:20:51,5000,0.5,0.020516948,0.015977116,0.026073987,0.030460225,0.021618796,0.037847003,-0.009943277,-0.014864745,-0.00385642,0.963333333,0.05,Two-tailed,Lowest false ID rate,0.5,0.5,300,1000,2.249972886,150
2021-09-25 20:11:44,1000,0.1,0.017727338,0.0085474,0.0281178,0.019731613,0.0096401,0.0308838,-0.002004275,-0.00945868,0.005330417,0.075,0.05,Two-tailed,Lowest false ID rate,0.5,0.5,200,2000,3.236576619,200
2021-09-25 20:11:44,3000,0.1,0.019871411,0.012942522,0.025561644,0.022169983,0.014555051,0.029847289,-0.002298571,-0.006699004,0.003152996,0.16,0.05,Two-tailed,Lowest false ID rate,0.5,0.5,200,2000,3.236576619,200
2021-09-25 20:11:44,5000,0.1,0.020550153,0.015262285,0.025752893,0.022513956,0.016281396,0.028212968,-0.001963804,-0.005533822,0.002196974,0.145,0.05,Two-tailed,Lowest false ID rate,0.5,0.5,200,2000,3.236576619,200
2021-09-25 20:11:44,1000,0.2,0.018439643,0.0080762,0.0288964,0.021644232,0.009529867,0.03556416,-0.003204589,-0.01162852,0.0052149,0.12,0.05,Two-tailed,Lowest false ID rate,0.5,0.5,200,2000,3.236576619,200
2021-09-25 20:11:44,3000,0.2,0.019533795,0.012516449,0.025888644,0.023855012,0.0163482,0.031904489,-0.004321217,-0.009938384,0.001089051,0.375,0.05,Two-tailed,Lowest false ID rate,0.5,0.5,200,2000,3.236576619,200
2021-09-25 20:11:44,5000,0.2,0.020412394,0.01526644,0.026508824,0.02441749,0.017850064,0.0306268,-0.004005096,-0.008415896,9.50987E-05,0.45,0.05,Two-tailed,Lowest false ID rate,0.5,0.5,200,2000,3.236576619,200
2021-09-25 20:11:44,1000,0.3,0.017727134,0.006633,0.027558,0.02283611,0.0090006,0.0373864,-0.005108976,-0.01423506,0.0039314,0.25,0.05,Two-tailed,Lowest false ID rate,0.5,0.5,200,2000,3.236576619,200
2021-09-25 20:11:44,3000,0.3,0.020243353,0.014361425,0.026497717,0.026414269,0.019024189,0.036480756,-0.006170916,-0.011760617,0.000161821,0.595,0.05,Two-tailed,Lowest false ID rate,0.5,0.5,200,2000,3.236576619,200
2021-09-25 20:11:44,5000,0.3,0.020158485,0.015427497,0.024778864,0.026492964,0.019550304,0.033150448,-0.006334478,-0.010339461,-0.001882068,0.8,0.05,Two-tailed,Lowest false ID rate,0.5,0.5,200,2000,3.236576619,200
2021-09-25 20:11:44,1000,0.4,0.017945302,0.007695267,0.0288938,0.025550661,0.01081185,0.0409416,-0.007605359,-0.01870055,0.0021387,0.385,0.05,Two-tailed,Lowest false ID rate,0.5,0.5,200,2000,3.236576619,200
2021-09-25 20:11:44,3000,0.4,0.019919753,0.013094156,0.027126778,0.027626409,0.018329189,0.037567311,-0.007706656,-0.014197207,-0.001847371,0.7,0.05,Two-tailed,Lowest false ID rate,0.5,0.5,200,2000,3.236576619,200
2021-09-25 20:11:44,5000,0.4,0.02036204,0.014397031,0.025885216,0.028484526,0.019684968,0.035842584,-0.008122487,-0.012634181,-0.002741769,0.89,0.05,Two-tailed,Lowest false ID rate,0.5,0.5,200,2000,3.236576619,200
2021-09-25 20:11:44,1000,0.5,0.018069495,0.0079634,0.0276912,0.027079592,0.0108411,0.0412232,-0.009010097,-0.019291467,0.0014018,0.465,0.05,Two-tailed,Lowest false ID rate,0.5,0.5,200,2000,3.236576619,200
2021-09-25 20:11:44,3000,0.5,0.01941964,0.012640703,0.026099044,0.029512534,0.019466403,0.038833422,-0.010092893,-0.016468237,-0.002284887,0.855,0.05,Two-tailed,Lowest false ID rate,0.5,0.5,200,2000,3.236576619,200
2021-09-25 20:11:44,5000,0.5,0.020413599,0.015633503,0.025372,0.030435814,0.022969175,0.03862228,-0.010022215,-0.015016936,-0.003988792,0.95,0.05,Two-tailed,Lowest false ID rate,0.5,0.5,200,2000,3.236576619,200
2021-09-25 10:11:37,1000,0.1,0.018613938,0.0091646,0.0284382,0.020460712,0.0106632,0.0321402,-0.001846774,-0.0096272,0.0061486,0.07,0.05,Two-tailed,Lowest false ID rate,0.5,0.5,200,2000,3.057516957,200
2021-09-25 10:11:37,3000,0.1,0.019710787,0.0131406,0.025887267,0.021809951,0.013972962,0.027801461,-0.002099164,-0.006945505,0.002804791,0.13,0.05,Two-tailed,Lowest false ID rate,0.5,0.5,200,2000,3.057516957,200
2021-09-25 10:11:37,5000,0.1,0.02072235,0.014936704,0.02551304,0.022876856,0.016673547,0.027986024,-0.002154507,-0.006213033,0.001687837,0.15,0.05,Two-tailed,Lowest false ID rate,0.5,0.5,200,2000,3.057516957,200
2021-09-25 10:11:37,1000,0.2,0.019017343,0.00777376,0.029428,0.022691472,0.008843467,0.035733,-0.003674129,-0.0115436,0.00543758,0.17,0.05,Two-tailed,Lowest false ID rate,0.5,0.5,200,2000,3.057516957,200
2021-09-25 10:11:37,3000,0.2,0.019898302,0.012993533,0.027158889,0.023981035,0.015152849,0.03161407,-0.004082733,-0.008969123,0.001625058,0.325,0.05,Two-tailed,Lowest false ID rate,0.5,0.5,200,2000,3.057516957,200
2021-09-25 10:11:37,5000,0.2,0.020399519,0.015144697,0.025066872,0.024280728,0.018099924,0.029811848,-0.003881209,-0.0080726,0.001302071,0.415,0.05,Two-tailed,Lowest false ID rate,0.5,0.5,200,2000,3.057516957,200
2021-09-25 10:11:37,1000,0.3,0.018318105,0.00748995,0.0288676,0.023858654,0.0097401,0.0373004,-0.005540549,-0.014887867,0.002465533,0.23,0.05,Two-tailed,Lowest false ID rate,0.5,0.5,200,2000,3.057516957,200
2021-09-25 10:11:37,3000,0.3,0.019624695,0.01330827,0.027336356,0.025773357,0.017494889,0.034420689,-0.006148662,-0.011471333,-0.000355778,0.58,0.05,Two-tailed,Lowest false ID rate,0.5,0.5,200,2000,3.057516957,200
2021-09-25 10:11:37,5000,0.3,0.020365909,0.014613432,0.02523584,0.026407484,0.019729549,0.032787648,-0.006041575,-0.010013334,-0.001304056,0.735,0.05,Two-tailed,Lowest false ID rate,0.5,0.5,200,2000,3.057516957,200
2021-09-25 10:11:37,1000,0.4,0.018265514,0.00718528,0.0302014,0.025637526,0.01142388,0.0391654,-0.007372013,-0.0159686,0.0025639,0.355,0.05,Two-tailed,Lowest false ID rate,0.5,0.5,200,2000,3.057516957,200
2021-09-25 10:11:37,3000,0.4,0.02034929,0.014915684,0.025939933,0.028406662,0.019405385,0.036649156,-0.008057372,-0.013976667,-0.001194333,0.755,0.05,Two-tailed,Lowest false ID rate,0.5,0.5,200,2000,3.057516957,200
2021-09-25 10:11:37,5000,0.4,0.02097263,0.015908496,0.025840992,0.029154988,0.020427088,0.03657412,-0.008182357,-0.012555075,-0.002409799,0.905,0.05,Two-tailed,Lowest false ID rate,0.5,0.5,200,2000,3.057516957,200
2021-09-25 10:11:37,1000,0.5,0.018787057,0.008634,0.030910943,0.028183657,0.010959933,0.0481054,-0.0093966,-0.0210972,0.002836,0.47,0.05,Two-tailed,Lowest false ID rate,0.5,0.5,200,2000,3.057516957,200
2021-09-25 10:11:37,3000,0.5,0.019900841,0.012905947,0.026978719,0.029939084,0.020490089,0.038623756,-0.010038243,-0.015464733,-0.003832698,0.865,0.05,Two-tailed,Lowest false ID rate,0.5,0.5,200,2000,3.057516957,200
2021-09-25 10:11:37,5000,0.5,0.020531982,0.014448872,0.025513876,0.030724476,0.022274105,0.03687328,-0.010192495,-0.014974139,-0.003989837,0.965,0.05,Two-tailed,Lowest false ID rate,0.5,0.5,200,2000,3.057516957,200
2021-09-25 06:16:58,1000,0.1,0.01836482,0.00846508,0.030126,0.01995862,0.006045,0.030176,-0.0015938,-0.0098954,0.005444533,0.07,0.05,Two-tailed,Lowest false ID rate,0.5,0.5,100,1000,51.34480815,50
2021-09-25 06:16:58,3000,0.1,0.020457798,0.013504821,0.026633237,0.022360138,0.016516956,0.02878717,-0.00190234,-0.006821587,0.002143667,0.07,0.05,Two-tailed,Lowest false ID rate,0.5,0.5,100,1000,51.34480815,50
2021-09-25 06:16:58,5000,0.1,0.02093572,0.016013133,0.025540048,0.023057533,0.01686072,0.027885084,-0.002121813,-0.00627617,0.001965637,0.2,0.05,Two-tailed,Lowest false ID rate,0.5,0.5,100,1000,51.34480815,50
2021-09-25 06:16:58,1000,0.2,0.018142289,0.007816857,0.0294534,0.022240713,0.00815385,0.037272,-0.004098424,-0.0152507,0.004596233,0.2,0.05,Two-tailed,Lowest false ID rate,0.5,0.5,100,1000,51.34480815,50
2021-09-25 06:16:58,3000,0.2,0.018942516,0.012082556,0.025330133,0.02333119,0.013161996,0.031542133,-0.004388674,-0.009576672,0.001824911,0.4,0.05,Two-tailed,Lowest false ID rate,0.5,0.5,100,1000,51.34480815,50
2021-09-25 06:16:58,5000,0.2,0.020713398,0.016535168,0.026078024,0.024637175,0.01677563,0.031018136,-0.003923778,-0.008728372,0.000747182,0.44,0.05,Two-tailed,Lowest false ID rate,0.5,0.5,100,1000,51.34480815,50
2021-09-25 06:16:58,1000,0.3,0.017854032,0.00671072,0.0285512,0.024044668,0.010993867,0.039492,-0.006190636,-0.0159654,0.0016031,0.31,0.05,Two-tailed,Lowest false ID rate,0.5,0.5,100,1000,51.34480815,50
2021-09-25 06:16:58,3000,0.3,0.020151281,0.013645622,0.026584296,0.025813526,0.01654415,0.033137633,-0.005662245,-0.011465667,0.000457706,0.53,0.05,Two-tailed,Lowest false ID rate,0.5,0.5,100,1000,51.34480815,50
2021-09-25 06:16:58,5000,0.3,0.020338499,0.015892439,0.025238765,0.026456375,0.018682506,0.033692304,-0.006117876,-0.0101057,-0.001535064,0.77,0.05,Two-tailed,Lowest false ID rate,0.5,0.5,100,1000,51.34480815,50
2021-09-25 06:16:58,1000,0.4,0.018454749,0.0080022,0.029786,0.025602117,0.011357967,0.0400576,-0.007147368,-0.015996667,0.0018174,0.3,0.05,Two-tailed,Lowest false ID rate,0.5,0.5,100,1000,51.34480815,50
2021-09-25 06:16:58,3000,0.4,0.020042384,0.013626316,0.025886763,0.027775244,0.018453786,0.034673222,-0.00773286,-0.013061992,-0.001125156,0.71,0.05,Two-tailed,Lowest false ID rate,0.5,0.5,100,1000,51.34480815,50
2021-09-25 06:16:58,5000,0.4,0.020577303,0.01532207,0.025004408,0.028426748,0.020814058,0.035128155,-0.007849445,-0.011984509,-0.001481783,0.86,0.05,Two-tailed,Lowest false ID rate,0.5,0.5,100,1000,51.34480815,50
2021-09-25 06:16:58,1000,0.5,0.018754973,0.008287,0.0286894,0.028519738,0.0148657,0.04174,-0.009764765,-0.0203048,0.0009444,0.54,0.05,Two-tailed,Lowest false ID rate,0.5,0.5,100,1000,51.34480815,50
2021-09-25 06:16:58,3000,0.5,0.020262348,0.013863806,0.025826567,0.030303803,0.022248533,0.039506311,-0.010041455,-0.015160407,-0.003759355,0.87,0.05,Two-tailed,Lowest false ID rate,0.5,0.5,100,1000,51.34480815,50
2021-09-25 06:16:58,5000,0.5,0.020355987,0.014551059,0.025528952,0.030042246,0.022968467,0.037988056,-0.00968626,-0.014334684,-0.004146205,0.94,0.05,Two-tailed,Lowest false ID rate,0.5,0.5,100,1000,51.34480815,50
2021-09-25 05:24:18,1000,0.1,0.018032997,0.00778692,0.0282689,0.019811323,0.0084192,0.0328144,-0.001778326,-0.009194,0.00555496,0.065,0.05,Two-tailed,Lowest false ID rate,0.5,0.5,200,1000,1.633500579,100
2021-09-25 05:24:18,3000,0.1,0.019909287,0.012987922,0.025049289,0.022031149,0.014824089,0.029114622,-0.002121862,-0.007019911,0.003194911,0.125,0.05,Two-tailed,Lowest false ID rate,0.5,0.5,200,1000,1.633500579,100
2021-09-25 05:24:18,5000,0.1,0.020800951,0.015848043,0.02616262,0.022646635,0.016858736,0.027569712,-0.001845684,-0.005338091,0.00216704,0.14,0.05,Two-tailed,Lowest false ID rate,0.5,0.5,200,1000,1.633500579,100
2021-09-25 05:24:18,1000,0.2,0.017627582,0.00722,0.02683724,0.021194837,0.0085996,0.0326234,-0.003567255,-0.0119126,0.0044838,0.15,0.05,Two-tailed,Lowest false ID rate,0.5,0.5,200,1000,1.633500579,100
2021-09-25 05:24:18,3000,0.2,0.020000538,0.013416435,0.026086433,0.024068755,0.01619146,0.031160222,-0.004068217,-0.009097878,0.001350906,0.29,0.05,Two-tailed,Lowest false ID rate,0.5,0.5,200,1000,1.633500579,100
2021-09-25 05:24:18,5000,0.2,0.020466919,0.015308743,0.02527388,0.024391081,0.01882364,0.02998364,-0.003924162,-0.007669158,0.000556287,0.47,0.05,Two-tailed,Lowest false ID rate,0.5,0.5,200,1000,1.633500579,100
2021-09-25 05:24:18,1000,0.3,0.018235532,0.0079666,0.0303134,0.023641544,0.009791124,0.0380894,-0.005406012,-0.014051,0.0036268,0.24,0.05,Two-tailed,Lowest false ID rate,0.5,0.5,200,1000,1.633500579,100
2021-09-25 05:24:18,3000,0.3,0.01997397,0.012475489,0.027215667,0.025951718,0.016810827,0.036007956,-0.005977748,-0.0122708,0.000433756,0.55,0.05,Two-tailed,Lowest false ID rate,0.5,0.5,200,1000,1.633500579,100
2021-09-25 05:24:18,5000,0.3,0.020091836,0.013448937,0.025025707,0.026226605,0.019795085,0.032344136,-0.006134769,-0.010670285,-0.001872676,0.715,0.05,Two-tailed,Lowest false ID rate,0.5,0.5,200,1000,1.633500579,100
2021-09-25 05:24:18,1000,0.4,0.018869042,0.00899536,0.029969,0.026665784,0.009607133,0.042697,-0.007796742,-0.01708184,0.0030503,0.41,0.05,Two-tailed,Lowest false ID rate,0.5,0.5,200,1000,1.633500579,100
2021-09-25 05:24:18,3000,0.4,0.019565653,0.012561018,0.026138667,0.027674901,0.01827832,0.036383511,-0.008109249,-0.013646185,-0.001115307,0.735,0.05,Two-tailed,Lowest false ID rate,0.5,0.5,200,1000,1.633500579,100
2021-09-25 05:24:18,5000,0.4,0.020191882,0.014490573,0.025086116,0.028256364,0.020496403,0.03525116,-0.008064482,-0.012093286,-0.002508124,0.88,0.05,Two-tailed,Lowest false ID rate,0.5,0.5,200,1000,1.633500579,100
2021-09-25 05:24:18,1000,0.5,0.018824166,0.008645,0.0311636,0.028390728,0.0108288,0.045949,-0.009566561,-0.01878805,0.00281445,0.485,0.05,Two-tailed,Lowest false ID rate,0.5,0.5,200,1000,1.633500579,100
2021-09-25 05:24:18,3000,0.5,0.020010457,0.012876578,0.027364556,0.030106919,0.021282261,0.040403667,-0.010096462,-0.016407189,-0.003323575,0.875,0.05,Two-tailed,Lowest false ID rate,0.5,0.5,200,1000,1.633500579,100
2021-09-25 05:24:18,5000,0.5,0.02082182,0.015674648,0.025855424,0.030647699,0.023171224,0.03902264,-0.009825879,-0.015104966,-0.004326627,0.95,0.05,Two-tailed,Lowest false ID rate,0.5,0.5,200,1000,1.633500579,100
2021-09-25 03:37:29,1000,0.1,0.018116324,0.0054282,0.0256532,0.020299321,0.0084634,0.032934,-0.002182997,-0.0100045,0.0046186,0.1,0.05,Two-tailed,Lowest false ID rate,0.5,0.5,100,2000,1.498397337,100
2021-09-25 03:37:29,3000,0.1,0.019437833,0.012479839,0.024419444,0.021524194,0.014787133,0.028077378,-0.00208636,-0.007105956,0.003199317,0.13,0.05,Two-tailed,Lowest false ID rate,0.5,0.5,100,2000,1.498397337,100
2021-09-25 03:37:29,5000,0.1,0.020550362,0.015025225,0.025426056,0.022651108,0.016023939,0.028475176,-0.002100746,-0.005481218,0.002202002,0.16,0.05,Two-tailed,Lowest false ID rate,0.5,0.5,100,2000,1.498397337,100
2021-09-25 03:37:29,1000,0.2,0.01827256,0.008951,0.0293406,0.021586805,0.0086904,0.0356568,-0.003314245,-0.0125609,0.0046306,0.13,0.05,Two-tailed,Lowest false ID rate,0.5,0.5,100,2000,1.498397337,100
2021-09-25 03:37:29,3000,0.2,0.01954949,0.013006489,0.026984693,0.023346422,0.0159846,0.031926044,-0.003796933,-0.008797778,0.001716422,0.33,0.05,Two-tailed,Lowest false ID rate,0.5,0.5,100,2000,1.498397337,100
2021-09-25 03:37:29,5000,0.2,0.020807697,0.015741722,0.025725768,0.024734004,0.01872308,0.031136064,-0.003926306,-0.008245194,-0.000120905,0.37,0.05,Two-tailed,Lowest false ID rate,0.5,0.5,100,2000,1.498397337,100
2021-09-25 03:37:29,1000,0.3,0.018207283,0.0095686,0.028566,0.023506368,0.0097414,0.0390906,-0.005299085,-0.0146074,0.0040424,0.24,0.05,Two-tailed,Lowest false ID rate,0.5,0.5,100,2000,1.498397337,100
2021-09-25 03:37:29,3000,0.3,0.020012882,0.013057022,0.026697778,0.025479713,0.017832067,0.032442222,-0.005466831,-0.010591827,9.21032E-05,0.45,0.05,Two-tailed,Lowest false ID rate,0.5,0.5,100,2000,1.498397337,100
2021-09-25 03:37:29,5000,0.3,0.0202229,0.015410511,0.02485433,0.025964821,0.019648063,0.031505259,-0.005741921,-0.009456036,-0.001257149,0.71,0.05,Two-tailed,Lowest false ID rate,0.5,0.5,100,2000,1.498397337,100
2021-09-25 03:37:29,1000,0.4,0.01826434,0.008206,0.0315052,0.026446205,0.0125812,0.039448,-0.008181865,-0.01808255,0.0030034,0.46,0.05,Two-tailed,Lowest false ID rate,0.5,0.5,100,2000,1.498397337,100
2021-09-25 03:37:29,3000,0.4,0.020424322,0.014864146,0.026450467,0.028793466,0.020381878,0.035923689,-0.008369144,-0.01395014,-0.001909663,0.8,0.05,Two-tailed,Lowest false ID rate,0.5,0.5,100,2000,1.498397337,100
2021-09-25 03:37:29,5000,0.4,0.020526948,0.014048714,0.02519624,0.029079329,0.020951555,0.034784472,-0.008552381,-0.012228885,-0.00415174,0.95,0.05,Two-tailed,Lowest false ID rate,0.5,0.5,100,2000,1.498397337,100
2021-09-25 03:37:29,1000,0.5,0.017629477,0.0067065,0.0277338,0.027280339,0.01289045,0.0445398,-0.009650862,-0.018213,-0.0010942,0.57,0.05,Two-tailed,Lowest false ID rate,0.5,0.5,100,2000,1.498397337,100
2021-09-25 03:37:29,3000,0.5,0.019594905,0.012441405,0.025510022,0.029507381,0.021787603,0.039261689,-0.009912476,-0.015862035,-0.003017222,0.83,0.05,Two-tailed,Lowest false ID rate,0.5,0.5,100,2000,1.498397337,100
2021-09-25 03:37:29,5000,0.5,0.021129141,0.01625912,0.025842706,0.031547941,0.024548149,0.038678452,-0.0104188,-0.015073212,-0.005589088,0.98,0.05,Two-tailed,Lowest false ID rate,0.5,0.5,100,2000,1.498397337,100
2021-09-24 23:24:05,1000,0.1,0.018504639,0.00595096,0.0296506,0.020518352,0.0076352,0.0342944,-0.002013713,-0.010773367,0.006049,0.09,0.05,Two-tailed,Lowest false ID rate,0.5,0.5,100,2000,1.711426689,100
2021-09-24 23:24:05,3000,0.1,0.019274584,0.013155862,0.024572937,0.021721672,0.015180444,0.028326911,-0.002447087,-0.007852622,0.003139829,0.15,0.05,Two-tailed,Lowest false ID rate,0.5,0.5,100,2000,1.711426689,100
2021-09-24 23:24:05,5000,0.1,0.019853664,0.01431689,0.024946248,0.022148944,0.017677146,0.028057376,-0.00229528,-0.006290118,0.001349518,0.22,0.05,Two-tailed,Lowest false ID rate,0.5,0.5,100,2000,1.711426689,100
2021-09-24 23:24:05,1000,0.2,0.018696791,0.00777785,0.0307344,0.021987791,0.0101032,0.034283,-0.003291001,-0.0104772,0.00523305,0.14,0.05,Two-tailed,Lowest false ID rate,0.5,0.5,100,2000,1.711426689,100
2021-09-24 23:24:05,3000,0.2,0.020383581,0.012752824,0.026240178,0.024492081,0.017204822,0.031423644,-0.0041085,-0.009021311,0.000929289,0.33,0.05,Two-tailed,Lowest false ID rate,0.5,0.5,100,2000,1.711426689,100
2021-09-24 23:24:05,5000,0.2,0.020347216,0.015754941,0.025125389,0.024296969,0.018404478,0.030320576,-0.003949753,-0.007969124,0.00053092,0.43,0.05,Two-tailed,Lowest false ID rate,0.5,0.5,100,2000,1.711426689,100
2021-09-24 23:24:05,1000,0.3,0.018643397,0.0102042,0.0301102,0.024027134,0.0094175,0.0379806,-0.005383737,-0.01384,0.0028194,0.22,0.05,Two-tailed,Lowest false ID rate,0.5,0.5,100,2000,1.711426689,100
2021-09-24 23:24:05,3000,0.3,0.019975565,0.012454492,0.026425689,0.025605344,0.015813822,0.034218811,-0.005629779,-0.011755948,0.000428867,0.51,0.05,Two-tailed,Lowest false ID rate,0.5,0.5,100,2000,1.711426689,100
2021-09-24 23:24:05,5000,0.3,0.02041937,0.015127424,0.025358072,0.026607061,0.019627785,0.032740408,-0.006187691,-0.01037028,-0.002182112,0.74,0.05,Two-tailed,Lowest false ID rate,0.5,0.5,100,2000,1.711426689,100
2021-09-24 23:24:05,1000,0.4,0.017391637,0.0091171,0.026953,0.025136264,0.01222244,0.0385986,-0.007744627,-0.0163184,0.0023799,0.38,0.05,Two-tailed,Lowest false ID rate,0.5,0.5,100,2000,1.711426689,100
2021-09-24 23:24:05,3000,0.4,0.02018606,0.013338053,0.025598667,0.028182142,0.020066493,0.037275522,-0.007996082,-0.013350156,-0.003187827,0.75,0.05,Two-tailed,Lowest false ID rate,0.5,0.5,100,2000,1.711426689,100
2021-09-24 23:24:05,5000,0.4,0.020494571,0.015238162,0.025163864,0.029201061,0.022237552,0.035877256,-0.00870649,-0.012575457,-0.003448244,0.93,0.05,Two-tailed,Lowest false ID rate,0.5,0.5,100,2000,1.711426689,100
2021-09-24 23:24:05,1000,0.5,0.018027035,0.006663,0.028474943,0.026281752,0.01050576,0.044529,-0.008254717,-0.0207288,0.00105592,0.39,0.05,Two-tailed,Lowest false ID rate,0.5,0.5,100,2000,1.711426689,100
2021-09-24 23:24:05,3000,0.5,0.019950934,0.013898418,0.026105867,0.03008008,0.019455006,0.039320889,-0.010129146,-0.015279267,-0.003009987,0.84,0.05,Two-tailed,Lowest false ID rate,0.5,0.5,100,2000,1.711426689,100
2021-09-24 23:24:05,5000,0.5,0.020119124,0.015238152,0.024645088,0.030427875,0.022455108,0.036551616,-0.010308751,-0.014352648,-0.004836298,0.97,0.05,Two-tailed,Lowest false ID rate,0.5,0.5,100,2000,1.711426689,100
2021-09-24 21:37:45,1000,0.1,0.018332754,0.00847316,0.030556,0.020252976,0.0093932,0.0317128,-0.001920222,-0.0102671,0.006087781,0.1,0.05,Two-tailed,Lowest false ID rate,0.5,0.5,200,1000,1.660019013,100
2021-09-24 21:37:45,3000,0.1,0.020128676,0.0131988,0.027510356,0.021966323,0.015246333,0.028917267,-0.001837647,-0.006898822,0.003109479,0.12,0.05,Two-tailed,Lowest false ID rate,0.5,0.5,200,1000,1.660019013,100
2021-09-24 21:37:45,5000,0.1,0.02043646,0.015491784,0.025510856,0.022612596,0.017347851,0.028742996,-0.002176137,-0.006016056,0.001873944,0.17,0.05,Two-tailed,Lowest false ID rate,0.5,0.5,200,1000,1.660019013,100
2021-09-24 21:37:45,1000,0.2,0.017388488,0.0080134,0.02717,0.021081696,0.00900265,0.0348192,-0.003693208,-0.012578,0.0053288,0.145,0.05,Two-tailed,Lowest false ID rate,0.5,0.5,200,1000,1.660019013,100
2021-09-24 21:37:45,3000,0.2,0.01949754,0.013450494,0.0265618,0.023297186,0.01608099,0.030869933,-0.003799646,-0.009997781,0.002018056,0.275,0.05,Two-tailed,Lowest false ID rate,0.5,0.5,200,1000,1.660019013,100
2021-09-24 21:37:45,5000,0.2,0.02055355,0.014529646,0.025763109,0.02447906,0.018305227,0.031191672,-0.00392551,-0.008000901,-3.35231E-05,0.455,0.05,Two-tailed,Lowest false ID rate,0.5,0.5,200,1000,1.660019013,100
2021-09-24 21:37:45,1000,0.3,0.017969887,0.0076826,0.0300598,0.022757423,0.0076624,0.0367106,-0.004787536,-0.0142934,0.00415044,0.24,0.05,Two-tailed,Lowest false ID rate,0.5,0.5,200,1000,1.660019013,100
2021-09-24 21:37:45,3000,0.3,0.020174965,0.013529524,0.027642489,0.026290419,0.01571807,0.035316111,-0.006115454,-0.011968126,-0.00021026,0.54,0.05,Two-tailed,Lowest false ID rate,0.5,0.5,200,1000,1.660019013,100
2021-09-24 21:37:45,5000,0.3,0.020446051,0.01420362,0.025047504,0.026799581,0.020633376,0.033243952,-0.00635353,-0.010592548,-0.002313874,0.795,0.05,Two-tailed,Lowest false ID rate,0.5,0.5,200,1000,1.660019013,100
2021-09-24 21:37:45,1000,0.4,0.017692354,0.0080069,0.0291398,0.024643042,0.0117778,0.0394904,-0.006950689,-0.0156806,0.00327488,0.355,0.05,Two-tailed,Lowest false ID rate,0.5,0.5,200,1000,1.660019013,100
2021-09-24 21:37:45,3000,0.4,0.019912629,0.012955968,0.025881056,0.027771122,0.017519685,0.036789711,-0.007858494,-0.014378,5.33222E-05,0.725,0.05,Two-tailed,Lowest false ID rate,0.5,0.5,200,1000,1.660019013,100
2021-09-24 21:37:45,5000,0.4,0.020621971,0.01596824,0.025961056,0.028869218,0.02107682,0.03560996,-0.008247246,-0.011771364,-0.003311354,0.925,0.05,Two-tailed,Lowest false ID rate,0.5,0.5,200,1000,1.660019013,100
2021-09-24 21:37:45,1000,0.5,0.018430205,0.0077312,0.0291676,0.027753393,0.01340508,0.0439606,-0.009323188,-0.017534,0.00151852,0.53,0.05,Two-tailed,Lowest false ID rate,0.5,0.5,200,1000,1.660019013,100
2021-09-24 21:37:45,3000,0.5,0.019887675,0.013554578,0.0261976,0.03001401,0.020293425,0.039152222,-0.010126335,-0.015880089,-0.00416604,0.86,0.05,Two-tailed,Lowest false ID rate,0.5,0.5,200,1000,1.660019013,100
2021-09-24 21:37:45,5000,0.5,0.020620732,0.015755979,0.025723536,0.030520979,0.02180359,0.037825615,-0.009900247,-0.015001239,-0.00382404,0.925,0.05,Two-tailed,Lowest false ID rate,0.5,0.5,200,1000,1.660019013,100
2021-09-24 19:55:12,1000,0.1,0.018450868,0.00890675,0.0290216,0.020457752,0.010912,0.03327474,-0.002006884,-0.0101803,0.0078053,0.09,0.05,Two-tailed,Lowest false ID rate,0.5,0.5,100,1000,50.0960082,50
2021-09-24 19:55:12,3000,0.1,0.0206451,0.015245644,0.026810178,0.022413723,0.016091282,0.030692467,-0.001768623,-0.006187178,0.003417711,0.08,0.05,Two-tailed,Lowest false ID rate,0.5,0.5,100,1000,50.0960082,50
2021-09-24 19:55:12,5000,0.1,0.0206658,0.015867347,0.025740806,0.02287278,0.017534742,0.027872905,-0.00220698,-0.006162544,0.000916027,0.15,0.05,Two-tailed,Lowest false ID rate,0.5,0.5,100,1000,50.0960082,50
2021-09-24 19:55:12,1000,0.2,0.017536137,0.006683667,0.0280624,0.021075195,0.0072014,0.0345166,-0.003539058,-0.0118856,0.00626346,0.18,0.05,Two-tailed,Lowest false ID rate,0.5,0.5,100,1000,50.0960082,50
2021-09-24 19:55:12,3000,0.2,0.020088442,0.013553238,0.025847106,0.023853964,0.0143736,0.031372289,-0.003765522,-0.008430856,0.001534311,0.3,0.05,Two-tailed,Lowest false ID rate,0.5,0.5,100,1000,50.0960082,50
2021-09-24 19:55:12,5000,0.2,0.020801966,0.015664,0.0253824,0.024640669,0.018682672,0.030174424,-0.003838704,-0.008159088,0.00018844,0.42,0.05,Two-tailed,Lowest false ID rate,0.5,0.5,100,1000,50.0960082,50
2021-09-24 19:55:12,1000,0.3,0.018029175,0.0070318,0.0299958,0.023458823,0.011105217,0.0373111,-0.005429648,-0.0132496,0.0025858,0.28,0.05,Two-tailed,Lowest false ID rate,0.5,0.5,100,1000,50.0960082,50
2021-09-24 19:55:12,3000,0.3,0.019929968,0.013426444,0.026779933,0.025568508,0.016631402,0.034378689,-0.00563854,-0.010850244,-0.000137224,0.54,0.05,Two-tailed,Lowest false ID rate,0.5,0.5,100,1000,50.0960082,50
2021-09-24 19:55:12,5000,0.3,0.020304239,0.015542945,0.024739778,0.026589414,0.019627228,0.032623744,-0.006285175,-0.010730504,-0.000929797,0.77,0.05,Two-tailed,Lowest false ID rate,0.5,0.5,100,1000,50.0960082,50
2021-09-24 19:55:12,1000,0.4,0.018569076,0.0074777,0.0293328,0.024563554,0.0115891,0.0383122,-0.005994478,-0.015574333,0.00315645,0.25,0.05,Two-tailed,Lowest false ID rate,0.5,0.5,100,1000,50.0960082,50
2021-09-24 19:55:12,3000,0.4,0.020145814,0.014443259,0.026209533,0.028406756,0.02147201,0.037939767,-0.008260942,-0.012854385,-0.002502341,0.82,0.05,Two-tailed,Lowest false ID rate,0.5,0.5,100,1000,50.0960082,50
2021-09-24 19:55:12,5000,0.4,0.020361685,0.015075424,0.026760992,0.028525754,0.021588051,0.036326413,-0.008164069,-0.012824146,-0.002267862,0.89,0.05,Two-tailed,Lowest false ID rate,0.5,0.5,100,1000,50.0960082,50
2021-09-24 19:55:12,1000,0.5,0.018276678,0.0079374,0.0299972,0.027091687,0.012042,0.0431786,-0.008815009,-0.01885232,0.00188768,0.45,0.05,Two-tailed,Lowest false ID rate,0.5,0.5,100,1000,50.0960082,50
2021-09-24 19:55:12,3000,0.5,0.01968741,0.012096596,0.026647689,0.029250625,0.018734341,0.0402264,-0.009563215,-0.016054489,-0.002478089,0.77,0.05,Two-tailed,Lowest false ID rate,0.5,0.5,100,1000,50.0960082,50
2021-09-24 19:55:12,5000,0.5,0.020575687,0.015465502,0.024804341,0.030869216,0.023206222,0.036858992,-0.010293529,-0.01535522,-0.004892098,0.97,0.05,Two-tailed,Lowest false ID rate,0.5,0.5,100,1000,50.0960082,50
2021-09-17 23:49:54,10000,0,0.021229491,0.017284123,0.025069665,0.02133621,0.01706193,0.025172344,-0.000106719,-0.002853321,0.00236592,0.04,0.05,Two-tailed,Lowest false ID rate,0.5,0.5,200,1000,14.65897423,22.22222222
2021-09-17 23:23:34,10000,0,0.021303012,0.017258048,0.025048662,0.021197783,0.017256894,0.024910816,0.000105229,-0.002313018,0.003336324,0.05,0.05,Two-tailed,Lowest false ID rate,0.5,0.5,100,2000,14.94291223,22.22222222
2021-09-17 23:05:15,10000,0,0.020945873,0.016809325,0.024084616,0.02098348,0.017228209,0.024669161,-3.76065E-05,-0.003019288,0.002993193,0.08,0.05,Two-tailed,Lowest false ID rate,0.5,0.5,100,2000,15.11129702,22.22222222
2021-09-17 22:47:53,10000,0,0.021297949,0.017778673,0.02503168,0.021051944,0.017214785,0.024762124,0.000246005,-0.002955561,0.003124071,0.075,0.05,Two-tailed,Lowest false ID rate,0.5,0.5,200,1000,15.53678172,22.22222222
2021-09-17 22:30:40,10000,0,0.021213485,0.017448383,0.024438816,0.021290945,0.01791049,0.024593192,-7.74601E-05,-0.002660774,0.002389004,0.02,0.05,Two-tailed,Lowest false ID rate,0.5,0.5,100,1000,7.976545767,11.11111111
2021-09-17 10:18:22,4156,0,0.101111207,0.092112127,0.111206942,0.074471895,0.06438464,0.08293949,0.026639312,0.012184474,0.03815573,0.94,0.05,Two-tailed,Custom,0.5,0.5,100,2000,8.706242085,13.85333333
2021-09-17 09:34:27,1430,0,0.191496181,0.170223812,0.212915184,0.228680417,0.210723356,0.255003834,-0.037184236,-0.062230676,-0.000768646,0.71,0.05,Two-tailed,Custom,0.5,0.5,100,2000,5.032551984,4.766666667
2021-09-17 09:27:01,2017,0,0.115083843,0.10077365,0.130509302,0.192006484,0.173501908,0.208210803,-0.076922642,-0.098298798,-0.052425203,1,0.05,Two-tailed,Custom,0.5,0.5,100,2000,6.553099251,6.723333333
2021-09-17 09:18:36,2016,0,0.115999495,0.098021441,0.129073704,0.180444716,0.166030073,0.195234724,-0.064445221,-0.082754904,-0.046456191,1,0.05,Two-tailed,Custom,0.5,0.5,100,2000,6.020628067,6.72
2021-09-17 09:10:09,210,0,0.016538599,0.01472659,0.01865164,0.02154987,0.019850422,0.023517244,-0.005011271,-0.007187079,-0.00229585,0.95,0.05,Two-tailed,Custom,20,20,100,2000,12.55263242,0.7
2021-09-17 08:50:24,210,0,0.016622563,0.014618724,0.018214161,0.019931412,0.017700766,0.021789994,-0.003308849,-0.006298628,-0.00072966,0.56,0.05,Two-tailed,Custom,20,20,100,2000,12.31477104,0.7
2021-09-17 08:32:37,1794,0,0.006569599,0.003287268,0.010744039,0.014898754,0.01224015,0.018974053,-0.008329156,-0.01220416,-0.002585711,0.85,0.05,Two-tailed,Custom,0.5,0.5,100,2000,4.6985949,5.98
2021-09-17 08:24:43,6129,0,0.009645195,0.008192005,0.011140663,0.008497809,0.006139549,0.010967498,0.001147385,-0.001760352,0.003591441,0.2,0.05,A > B,Custom,0.5,0.5,100,2000,9.128745051,20.43
2021-09-17 08:12:15,6072,0,0.009662842,0.008153438,0.011194339,0.006709193,0.005164808,0.008693384,0.002953649,0.00022347,0.005141186,0.78,0.05,A > B,Custom,0.5,0.5,100,2000,9.381993449,20.24
2021-09-17 07:59:43,7036,0,0.019934191,0.018083981,0.022167769,0.021540865,0.019033606,0.024220398,-0.001606674,-0.004635345,0.001469267,0.28,0.05,B > A,Custom,0.5,0.5,100,2000,11.83441327,23.45333333
2021-09-17 07:45:51,6981,0,0.019969533,0.017629899,0.021968397,0.023433485,0.020812982,0.025826553,-0.003463952,-0.00667188,0.000701896,0.69,0.05,B > A,Custom,0.5,0.5,100,2000,11.22415541,23.27
2021-09-17 07:31:49,2000,0,0.277612448,0.263381048,0.290235068,0.271415206,0.257089038,0.287644533,0.006197242,-0.014081523,0.028697194,0.1,0.05,Two-tailed,Custom,0.5,0.5,100,2000,5.46692942,6.666666667
2021-09-17 07:21:19,2000,0,0.278349617,0.24582225,0.30998425,0.282336985,0.240786383,0.311964124,-0.003987368,-0.029765977,0.017862905,0.05,0.05,Two-tailed,Lowest false ID rate,0.5,0.5,100,2000,5.811639583,6.666666667
2021-09-17 07:08:34,4156,0,0.102149322,0.091029749,0.112596168,0.074606181,0.063351168,0.083978141,0.027543142,0.013878062,0.041922281,0.965,0.05,Two-tailed,Custom,0.5,0.5,200,1000,9.195728433,13.85333333
2021-09-17 06:56:21,1430,0,0.189994989,0.168250959,0.213276189,0.229538089,0.210530399,0.249455369,-0.0395431,-0.068303149,-0.009479224,0.71,0.05,Two-tailed,Custom,0.5,0.5,200,1000,5.237921214,4.766666667
2021-09-17 06:46:48,2017,0,0.117070364,0.099923509,0.131330219,0.191080313,0.173650775,0.207512931,-0.074009949,-0.095136361,-0.052597397,1,0.05,Two-tailed,Custom,0.5,0.5,200,1000,0.098828774,6.723333333
2021-09-17 06:37:18,2016,0,0.115873684,0.101198378,0.131224293,0.181851908,0.165426049,0.197570623,-0.065978224,-0.090891147,-0.044593711,1,0.05,Two-tailed,Custom,0.5,0.5,200,1000,0.103166984,6.72
2021-09-17 06:21:59,210,0,0.016580404,0.014231855,0.018648708,0.019906238,0.018037524,0.021876448,-0.003325834,-0.006337499,-0.000582788,0.585,0.05,Two-tailed,Custom,20,20,200,1000,0.239509888,0.7
2021-09-17 06:04:52,210,0,0.016675206,0.014536283,0.018361008,0.021653424,0.019846576,0.02350465,-0.004978218,-0.007696554,-0.002618704,0.96,0.05,Two-tailed,Custom,20,20,200,1000,0.243170096,0.7
2021-09-17 05:36:49,1794,0,0.006480571,0.003555789,0.010356811,0.014900598,0.010860184,0.018753004,-0.008420027,-0.012646037,-0.003298777,0.9,0.05,Two-tailed,Custom,0.5,0.5,200,1000,0.088542233,5.98
2021-09-17 05:28:11,6129,0,0.0095435,0.007823676,0.011285482,0.008322264,0.006069039,0.010346961,0.001221235,-0.001462729,0.004405559,0.2,0.05,A > B,Custom,0.5,0.5,200,1000,0.178828679,20.43
2021-09-17 05:15:04,6072,0,0.009699037,0.007915242,0.011162517,0.006775709,0.005046627,0.008535422,0.002923328,6.9287E-05,0.00536084,0.805,0.05,A > B,Custom,0.5,0.5,200,1000,0.180374044,20.24
2021-09-17 05:01:03,7036,0,0.019968019,0.017937107,0.021644552,0.021298043,0.019030525,0.023449626,-0.001330024,-0.004718749,0.001458788,0.18,0.05,B > A,Custom,0.5,0.5,200,1000,0.198301446,23.45333333
2021-09-17 04:45:10,6981,0,0.020046403,0.018179034,0.021900611,0.023312064,0.020922227,0.025824985,-0.003265661,-0.006345453,-0.000262622,0.6,0.05,B > A,Custom,0.5,0.5,200,1000,0.196456332,23.27
2021-09-17 04:30:22,2000,0,0.278652599,0.264871977,0.291769046,0.271350504,0.257169676,0.286165859,0.007302094,-0.012354459,0.027532687,0.095,0.05,Two-tailed,Custom,0.5,0.5,200,1000,0.087819171,6.666666667
2021-09-17 04:22:04,2000,0,0.280285867,0.25315555,0.30906615,0.280905469,0.242071409,0.3100866,-0.000619602,-0.025917441,0.024828709,0.045,0.05,Two-tailed,Lowest false ID rate,0.5,0.5,200,1000,0.097762876,6.666666667
2021-09-17 03:47:04,4156,0,0.101146907,0.090721585,0.110670897,0.075023502,0.066053682,0.086197808,0.026123406,0.012406092,0.041598948,0.96,0.05,Two-tailed,Custom,0.5,0.5,100,1000,0.073879761,6.926666667
2021-09-17 03:08:01,1430,0,0.192041732,0.167763653,0.213649221,0.23078894,0.212115718,0.253332972,-0.038747208,-0.070063961,-0.006457263,0.68,0.05,Two-tailed,Custom,0.5,0.5,100,1000,0.044043261,2.383333333
2021-09-17 02:53:11,2017,0,0.117124158,0.096843789,0.131200094,0.190295723,0.172397728,0.204553126,-0.073171565,-0.0986935,-0.050291839,1,0.05,Two-tailed,Custom,0.5,0.5,100,1000,0.049503849,3.361666667
2021-09-17 02:44:05,2016,0,0.11644178,0.104545552,0.131444651,0.182435187,0.162732059,0.198161083,-0.065993407,-0.086899466,-0.043090526,1,0.05,Two-tailed,Custom,0.5,0.5,100,1000,0.049935828,3.36
2021-09-15 03:56:37,210,0,0.016713672,0.015054554,0.018433671,0.019969548,0.017783771,0.022863215,-0.003255876,-0.005686966,-0.000538809,0.66,0.05,Two-tailed,Custom,20,20,100,1000,0.127405888,0.35
2021-09-15 03:34:22,1794,0,0.006371901,0.00394012,0.009730096,0.014880559,0.01080394,0.018295908,-0.008508658,-0.013458099,-0.003728656,0.93,0.05,Two-tailed,Custom,0.5,0.5,100,1000,0.048069192,2.99
2021-09-15 03:03:45,6129,0,0.009632822,0.007860709,0.011387906,0.008536816,0.006170636,0.010541084,0.001096006,-0.001600296,0.003835199,0.16,0.05,A > B,Custom,0.5,0.5,100,1000,0.092375275,10.215
2021-09-15 02:54:55,6072,0,0.009507392,0.007595096,0.011304629,0.006746143,0.005253587,0.008251397,0.002761249,-1.83013E-05,0.004683188,0.74,0.05,A > B,Custom,0.5,0.5,100,1000,0.09119093,10.12
2021-09-15 02:42:04,2000,0,0.278668828,0.265752875,0.289611609,0.272043521,0.256860734,0.285415357,0.006625306,-0.012875125,0.026866148,0.09,0.05,Two-tailed,Custom,0.5,0.5,100,1000,0.054804958,3.333333333
2021-09-15 02:28:14,7036,0,0.019955299,0.017875111,0.021831554,0.021564451,0.019397995,0.023771011,-0.001609152,-0.004634752,0.001897243,0.22,0.05,B > A,Custom,0.5,0.5,100,1000,0.095743403,11.72666667
2021-09-15 02:16:51,6981,0,0.019880961,0.017915865,0.02185189,0.023346275,0.021053185,0.02566571,-0.003465313,-0.006742502,-0.000296531,0.69,0.05,B > A,Custom,0.5,0.5,100,1000,0.09993381,11.635
2021-09-15 00:50:24,2000,0,0.278732342,0.2510517,0.30499315,0.278867174,0.246946984,0.305593039,-0.000134833,-0.020025962,0.021247692,0.02,0.05,Two-tailed,Lowest false ID rate,0.5,0.5,100,1000,0.045897135,3.333333333
2021-09-14 04:48:21,8000,0,0.017854205,0.015113788,0.019948964,0.020365432,0.015834521,0.022967428,-0.002511226,-0.004720971,-0.000678435,0.45,0.05,B > A,Lowest false ID rate,0.5,0.5,20,100,0.133220434,0.266666667
